1942 3586
148 265 150 274 J
197 315 508 387 Hrsron.Lib.
524 310 609 386 XV.
664 314 731 410 163

60 451 90 496 to
100 479 110 508 ,
125 438 242 498 cornisr
260 437 317 496 alio
339 435 465 516 myrtis,
482 431 613 496 lentisco.
637 431 664 494 Α
689 437 736 494 u'r»

62 515 125 579 solio
145 517 222 578 enim
243 537 276 578 ac
295 514 382 598 spinea
407 517 469 578 sine
489 514 575 576 succo
596 455 735 576 :medio-

62 617 111 678 que
128 601 285 660 etiamnum
304 617 411 680 genere
423 598 497 658 inter
508 596 610 656 baccas
623 594 742 662 acinos·=

62 699 110 819 ἔξω
125 682 248 741 cerasis:
264 699 384 760 pomum
396 678 443 738 his
453 679 548 760 primi>
561 675 737 749 candidum,

102 759 159 822 fere
179 760 314 821 omnibus
325 759 429 820 baccis.
442 757 516 820 Mox
525 759 587 820 aliis
596 755 735 832 virescit,

63 842 198 916 moliris,
216 841 302 901 lauris
313 862 320 900 ι
333 840 417 901 rubet
432 843 505 902 verb
521 840 630 912 moris,
649 858 734 898 cera·

64 922 111 994 sis,
124 926 227 983 cornis.
242 920 363 984 Deinde
380 919 512 1007 nigrescit
529 921 637 993 moris,
650 939 736 982 cera·⁴

65 1003 215 1072 tis‚olivis.

95 1081 189 1144 XXX.
205 1103 253 1166 25.
278 1079 381 1144 Gerasi
404 1099 469 1144 ante
499 1080 649 1142 vidioriam
670 1079 733 1142 Mi-

64 1161 229 1224 thridaticam
250 1163 283 1224 L.
301 1163 416 1226 Luculsr¹
434 1185 494 1223 non
506 1162 585 1224 fuere
593 1164 622 1224 in
631 1160 735 1234 laelii,-

65 1242 95 1302 ad
105 1243 190 1305 Urbis
205 1265 314 1305 annum
332 1261 478 1306 nctxxx.
497 1242 660 1325 ltprimum
679 1263 733 1305 ve·

64 1324 130 1386 rite
149 1323 260 1388 Ponto:
273 1322 410 1406 annisque
437 1341 516 1386 cxx.
535 1342 612 1386 trans
634 1321 734 1386 Ocea-

65 1425 125 1466 num
142 1406 173 1466 in
186 1405 362 1468 Britanniam
381 1404 469 1488 usque
488 1425 658 1487 pervenere.
678 1402 735 1464 Ea·

66 1483 141 1557 dem,
160 1504 191 1547 ur
208 1487 355 1561 diximus,
373 1487 402 1545 in
420 1485 553 1568 AEgypto
572 1485 651 1545 nulli
664 1483 735 1546 curd

65 1583 174 1644 potuere
195 1569 283 1652 gigni.
306 1564 478 1628 Cetasorum
495 1565 664 1646 Aproniana
675 1585 735 1626 ma·

65 1647 133 1708 rimi
146 1648 264 1709 rubent:
279 1649 429 1730 nigerrima
440 1646 503 1708 sunt
515 1647 649 1708 Lutetia:
662 1643 731 1707 (Σε-

67 1727 155 1789 tiliaua
181 1731 254 1790 verb
272 1729 305 1790 &
326 1727 460 1790 rotunda.
486 1727 612 1788 Junianis
638 1742 740 1808 gratus

67 1803 152 1947 sapor,
170 1808 220 1870 sed
235 1829 318 1890 paene
336 1809 449 1871 tamum
473 1805 525 1866 suh
541 1808 644 1870 arbore
668 1804 734 1878 sud,

67 1905 81 1944 a
99 1909 130 1950 eo
148 1893 278 1962 teneris,
295 1906 327 1950 ut
353 1887 494 1973 gestatum
516 1907 577 1948 non
597 1887 737 1948 tolerent.

67 1963 230 2054 Principatus
245 1971 407 2039 duracinis,
423 1989 489 2051 quaa
501 1966 627 2028 Pliniana
648 1965 738 2028 Cam-

68 2053 139 2187 pania
161 2051 305 2134 appellat:
325 2054 355 2112 in
370 2045 489 2134 Belgica
499 2048 572 2110 verb
584 2048 736 2111 Lusitanis.¹

82 2150 95 2188 n
115 2135 178 2214 ripis
197 2135 284 2194 eriam
300 2131 416 2202 Rheni,
436 2132 534 2192 tertius
553 2132 586 2192 iis
609 2129 692 2192 colos
716 2149 734 2192 e

69 2212 138 2351 nipro
155 2236 188 2274 ac
210 2213 325 2274 rubenti
347 2212 507 2294 viridique,
528 2212 628 2274 similis
640 2227 737 2274 matu·

69 2311 94 2351 re
105 2295 227 2356 centibus
249 2291 371 2374 semper.
390 2291 488 2354 Minus
502 2295 734 2376 quinquennium

70 2369 119 2446 est,
134 2375 210 2457 quiid
230 2375 389 2457 prodiere,
411 2395 474 2457 quae
491 2391 599 2436 vocant
617 2376 739 2446 laurea,¹

69 2471 120 2514 non
136 2458 249 2538 ingrate
266 2455 479 2527 amaritudinis,
493 2457 585 2512 insitae
602 2455 631 2512 in
642 2455 738 2514 lauro.

71 2527 131 2596 Sunt
149 2539 180 2600 δι
200 2535 392 2600 Macedonica
404 2555 501 2617 parvae
520 2529 736 2605 arboris,rard·

71 2633 117 2694 que
126 2619 176 2678 tria
185 2619 280 2680 cubita
286 2617 452 2680 excedentis
462 2613 628 2675 :deminore
639 2614 740 2672 etiam·
753 2665 757 2671 .

70 2713 128 2756 rum
138 2697 256 2775 frutice,
267 2698 478 2760 chamaecerasia
490 2693 568 2756 Inter
578 2691 735 2774 primahoc

71 2782 186 2854 epomis
206 2780 313 2841 colono
333 2779 452 2860 gratiam
482 2795 605 2835 annuam
637 2770 740 2833 refertt

71 2850 269 2942 septemtrione
288 2856 457 2946 frigidisque·
472 2855 593 2942 gaudet:
613 2856 739 2919 siccatur
