1934 3592
182 259 252 337 232
302 240 337 310 C.
364 241 539 310 Prrnrr
565 239 746 315 Nava.

180 364 320 434 ticentur,
335 379 367 420 ut
380 375 505 434 teretes,
523 358 561 418 ad
579 360 688 442 templa
705 375 863 442 ceteraque

181 442 249 502 ustis
266 441 403 515 rotundi,
421 442 487 501 cum
507 443 685 522 germinant,
698 442 765 502 alias
776 447 864 503 corti·

182 543 217 588 ce
233 520 435 596 inextricabili,
455 522 487 582 &
506 523 581 582 carie
605 520 791 584 subnascente
808 525 864 596 ei,

181 603 358 685 materibque
376 599 563 685 nigrescente.
586 601 624 664 Ti
664 624 680 662 a
703 603 866 685 &quibus

182 682 276 746 ausen
292 684 396 746 securis
413 685 569 753 corticem,
590 704 607 743 a
625 623 731 746 burum&
750 685 787 766 ad
806 682 866 744 Fa-

182 768 326 828 vonium:
346 767 432 826 aursi
450 765 611 846 praevenire
630 786 666 824 co
704 786 787 838 mut,
805 763 869 826 Ar·

183 845 255 907 siuti
272 845 391 920 occasu,
410 847 443 908 ὃ(
458 861 524 906 ante
547 865 614 906 eum
631 845 664 904 Fi
686 847 768 906 iculae
784 868 791 906 ε
810 867 869 908 no·

183 927 304 988 vissimi
321 929 452 1000 ratione,
480 921 610 986 solstitio.
634 923 711 987 Dies
735 927 869 988 siderum

182 1007 291 1088 borum
301 1007 437 1068 reddetur
451 1005 503 1068 suo
520 1007 598 1068 loco.
613 1005 714 1089 Vulgb
734 1006 800 1068 satis
833 1027 869 1066 u·

183 1105 245 1168 tant
266 1085 438 1163 observare,
458 1108 496 1149 ne
514 1108 571 1171 qua
588 1087 754 1149 dedolanda
779 1028 870 1148 arbos

185 1167 325 1230 sternatur
346 1187 412 1230 ante
432 1169 527 1230 editos
550 1166 615 1230 suos
629 1167 744 1229 studius.
760 1167 868 1230 Robur

183 1269 256 1312 vere
276 1247 397 1324 caesum,
411 1251 571 1311 teredinem
586 1248 686 1310 sentit:
699 1249 803 1310 bruma
819 1269 870 1310 au·

185 1347 246 1393 tem
256 1377 266 1406 ,
277 1351 372 1411 neque
382 1333 512 1404 vitiatur,
524 1350 618 1414 neque
628 1331 786 1411 pandatur,
797 1329 870 1392 alias

186 1411 347 1490 obnoxium
372 1415 459 1475 etiam
477 1428 509 1472 ut
529 1429 663 1493 torqueat
684 1410 743 1473 sese
760 1409 870 1474 findat·

186 1513 262 1576 que:
280 1494 358 1576 quod
373 1495 402 1554 in
422 1490 523 1553 subere
551 1491 720 1574 tempestivb
769 1511 871 1575 uoque

187 1573 261 1635 caeso
280 1577 389 1638 evenit.
415 1571 564 1635 Infinitum
593 1572 681 1634 refert
710 1514 870 1636 &innatis

188 1659 284 1716 ratio:
311 1676 364 1716 nec
383 1657 435 1715 nisi
455 1677 472 1715 a
489 1655 628 1717 vicesima
645 1657 677 1716 in
686 1654 870 1717 ‘tricesimam

188 1737 261 1797 caedi
278 1735 389 1798 volunt.
407 1733 486 1797 Inter
503 1755 608 1797 omnes
623 1737 697 1797 verb
712 1737 870 1808 convenit,

188 1817 339 1878 utilissimb
351 1818 380 1877 in
391 1818 469 1878 coitu
483 1815 544 1898 ejus
558 1815 663 1889 sterni,
679 1837 768 1899 quern
789 1818 870 1878 diem

188 1896 236 1958 alii
252 1899 417 1973 interlunii,
435 1898 482 1958 alii
500 1900 609 1960 silentis
624 1899 698 1958 lunae
711 1899 870 1980 appellant.

189 1975 237 2040 Sic
248 1979 326 2040 certb
342 1977 478 2040 Tiberius
486 1976 580 2041 Caesar
590 1996 776 2040 concremato
789 2000 868 2062 pon-

188 2075 219 2120 te
237 2059 466 2132 naumachiario,
485 2059 583 2120 larices
601 2059 639 2122 ad
661 2058 869 2121 restituendum

189 2139 262 2199 caedi
274 2141 303 2198 in
312 2137 406 2200 Raeria
424 2136 589 2220 praefinivit.
602 2138 733 2220 Quidam
749 2141 870 2210 dicunt,

191 2236 224 2280 ur
243 2221 273 2278 in
293 2219 372 2279 coitu
394 2219 426 2280 δι
446 2217 496 2278 sub
516 2221 593 2280 terra
609 2224 645 2282 sit
658 2219 741 2282 Luna
760 2243 768 2283 ε
790 2218 871 2304 quod

190 2296 255 2360 fieri
277 2319 337 2360 non
359 2297 454 2380 potest
471 2299 525 2358 nisi
541 2299 638 2362 nodu.
659 2299 702 2362 At
714 2303 738 2361 si
752 2320 871 2384 compe·

191 2396 252 2441 tant
268 2381 361 2440 coitus
379 2381 407 2440 in
425 2381 616 2442 novissimum
640 2381 719 2442 diem
739 2381 869 2454 brumae,

192 2459 240 2544 illa
259 2462 296 2521 sit
308 2480 414 2524 aeterna
422 2463 555 2524 materies
566 2485 574 2522 :
585 2463 715 2544 proxime
725 2505 735 2533 ‚
747 2485 816 2526 cum
825 2461 871 2522 su·

191 2539 243 2624 prb
265 2539 345 2602 dictis
363 2542 512 2606 sideribus.
533 2542 664 2624 Quidam
675 2545 708 2606 &
723 2539 812 2606 Canis
823 2564 871 2604 or-

191 2639 256 2684 tum
278 2623 403 2698 addunt,
418 2625 450 2686 &
469 2628 508 2684 sic
523 2623 608 2686 caesas
625 2627 758 2688 materies
776 2627 809 2686 in
825 2623 871 2684 so·

191 2723 258 2762 rum
275 2699 447 2786 Augustum.
475 2704 539 2766 Nec
566 2705 690 2766 novellae
710 2721 812 2768 autem
833 2701 870 2763 ad

193 2785 420 2868 materiemmec
430 2801 549 2850 veteres
560 2785 728 2852 utilissimae.
739 2783 871 2862 Circrun·
