1942 3586
216 374 284 424 roo
342 345 825 420 C.PzrnrrNArun.

214 471 370 554 perduxit,
385 471 458 529 intra
482 465 617 528 ociavurn
634 485 741 526 annum
762 457 901 528 ccccm:

213 550 366 612 nummirm
389 551 515 630 emptori
535 546 647 607 addici&
667 547 814 629 pendente
832 549 900 606 vin·

215 631 321 692 demii.
340 629 532 725 Cucurritque
550 644 638 689 nemo
656 649 715 687 non
726 627 762 686 ad
774 626 901 709 specian-

215 713 267 774 das
280 731 410 772 ‘uvarum
432 711 460 768 in
485 711 519 770 ris
546 711 639 769 vineis
669 706 780 780 strues,
806 707 900 769 literis
963 753 964 756 η

216 791 280 873 ejus
305 790 450 850 altioribus
470 805 569 851 contra
587 788 618 848 id
643 789 724 871 pigri
751 789 901 849 vicinitate

217 875 272 934 sibi
290 872 505 953 patrocinante:
524 871 682 929 novissime
708 867 822 930 Annaeo
846 867 901 930 Se-

167 993 170 1000 *
215 953 308 1028 neca,
328 952 457 1034 principe
475 963 537 1010 turn
550 950 734 1024 eruditionis,
747 971 780 1009 ac
797 966 903 1032 poten·

216 1038 280 1107 tiae,
303 1053 367 1114 quae
387 1029 534 1112 postremo
561 1033 648 1094 nimia
669 1029 722 1090 fuit
742 1029 826 1111 super
853 1033 901 1112 ip-
963 1043 964 1046 ’

216 1115 297 1186 sum,
316 1113 435 1173 minime
467 1113 565 1192 utique
591 1112 727 1171 miratore
754 1111 900 1184 inanium,

217 1213 299 1256 tanto
323 1192 423 1273 praedii
446 1190 507 1272 ejus
529 1210 627 1251 amore
649 1207 756 1272 capto,
775 1207 807 1252 ut
838 1213 902 1252 non
929 1223 932 1228 ·

216 1275 340 1360 puderet
361 1270 454 1334 inviso
470 1270 537 1332 aliis
557 1272 589 1332 &
607 1269 784 1332 ostentaturo
802 1274 903 1333 trade·

217 1377 250 1418 re
270 1356 394 1438 palmam
409 1373 489 1426 eam,
500 1353 604 1432 emptis
623 1353 839 1432 quadruplicato
851 1355 902 1415 vi·

218 1439 282 1500 neis
310 1435 364 1496 iliis
393 1437 466 1494 intra
495 1433 642 1492 decimum
664 1431 726 1493 fere
750 1454 825 1493 curae
848 1455 902 1494 an·

216 1539 290 1579 num
306 1539 313 1576 :
330 1515 415 1596 digna
434 1533 538 1596 opera,
563 1515 674 1594 quaein
698 1511 833 1574 Caecubis
843 1513 899 1575 Se·
963 1507 964 1558 Ὗ

219 1597 342 1679 tinisque
360 1596 432 1676 agris
467 1591 617 1654 roficeret:
631 1595 789 1675 quando&
820 1594 903 1658 ostea
963 1599 964 1676 }

220 1679 420 1760 sepenumero
442 1617 575 1756 feptenos
594 1675 693 1734 culeos
717 1617 827 1757 singuia
851 1676 903 1757 ju·
963 1689 964 1696 ³

222 1781 305 1844 gera,
326 1759 382 1817 hoc
397 1754 438 1816 est
461 1755 614 1836 amphoras
634 1772 768 1816 centenas
777 1757 902 1837 quadra·

222 1861 311 1922 genas
329 1836 413 1898 musti
431 1835 551 1896 dedere.
578 1835 625 1895 Ac
651 1855 688 1904 ne
711 1837 774 1918 quis
794 1836 901 1899 victam

222 1923 254 1981 in
265 1921 323 1981 hoc
340 1917 537 1998 antiquitatem
545 1915 724 1976 arbitraretur
732 1961 743 1988 ,
751 1915 830 1977 idern
843 1917 905 1980 Ca.

149 2033 154 2042 ·
224 2017 257 2062 to
281 2001 373 2060 denos
390 1999 487 2058 culeos
509 1997 602 2057 redire
614 2016 649 2056 ex
659 1994 803 2077 jugeribus
816 1996 903 2080 scrip·

224 2083 283 2154 sit,
304 2077 469 2139 efficacibus
487 2077 626 2158 exemplis
648 2097 708 2136 non
727 2081 816 2137 maria
857 2081 902 2141 lus
963 2083 964 2086 ’

224 2175 363 2221 temerata
377 2156 510 2219 conferre
526 2158 694 2226 mercatori,
713 2153 773 2217 non
791 2161 820 2218 in
837 2101 902 2222 Ru·

224 2239 902 2324 hrumliruslndicnmvemercespetiras‚quarn

226 2321 356 2383 sedulum
372 2321 443 2380 ruris
458 2321 557 2380 larem.
903 2349 905 2352 ·

232 2421 237 2430 ·
267 2400 322 2462 Vl.
341 2400 419 2475 Vino
442 2400 637 2482 antiquissima
666 2399 778 2460 claritas
803 2403 904 2466 Maro·

227 2503 307 2557 nee,
326 2485 356 2542 in
373 2481 505 2542 Thraciae
526 2480 668 2541 maritimi
688 2497 767 2560 parte
784 2486 902 2564 genito,

227 2579 261 2624 ut
281 2562 377 2624 auiior
397 2561 442 2622 est.
461 2561 616 2623 Homerus.
637 2559 743 2643 Neque
764 2567 843 2624 enirn
862 2564 908 2628 far-r

229 2643 347 2718 huosa,
364 2661 411 2703 aut
427 2643 464 2702 de
482 2645 594 2725 origine
615 2643 694 2703 varie
706 2643 820 2721 prodita
835 2667 905 2707 con·

229 2722 383 2795 sessarnur,
400 2741 591 2805 preterquam
609 2719 763 2782 Aristaeutn
778 2728 904 2806 primum

232 2808 361 2864 omniurn
381 2806 410 2861 in
432 2803 534 2864 eadem
553 2801 906 2884 gentemelmiscuiffevi·

231 2903 290 2956 no,
307 2884 443 2962 suavitate
470 2883 615 2968 precipui
634 2881 777 2966 utriusque
796 2903 907 2951 natura
