2012 3588
219 286 269 378 '64
318 286 353 356 C.
378 284 803 363 ParurrNAntrn.

90 435 93 442 ·
220 427 336 490 coepta,
350 425 399 469 aut
415 411 496 470 ceris.
517 409 700 500 pugillarium
719 411 796 470 enim
819 409 908 472 usum

219 489 300 551 fuilie
321 493 408 552 etiam
432 507 496 552 anre
515 489 644 570 Tropina
663 508 796 573 tempora
818 495 907 554 inve*

218 574 314 632 nimus
333 571 409 652 apud
430 571 604 633 Homerum.
625 571 765 634 llloverb
780 573 908 654 proten·

219 669 264 725 te,
277 672 313 712 ne
325 669 399 712 terra
410 652 528 734 quidem
539 651 615 733 ipsa,
626 673 688 734 quae
700 673 776 714 nunc
787 653 909 736 AEgypw
989 705 990 710 ,

218 751 282 805 tus,
295 733 483 824 intelligitur:
503 731 591 814 (eitrn
601 735 630 792 in
639 731 837 816 Sebennytico
848 733 905 795 sal-

115 875 119 886 ]
219 830 280 874 tem
300 830 361 892 elus
381 834 471 874 nomo
490 815 605 875 nonnisi
622 814 716 874 charta
732 813 904 897 nascaturt)

219 893 320 976 postea
336 894 505 975 adaggerara
526 893 605 956 Nilo.
627 892 776 976 Siquidem
797 895 909 958 aPhaa

220 997 256 1037 ro.
277 972 382 1048 insula,
406 995 470 1054 quae
499 996 574 1034 nunc
598 974 782 1036 Alexandriae
810 993 906 1058 ponte

219 1053 906 1218 lt‘lssssttttiliilittutilitatis:

220 1237 258 1278 ne
274 1219 349 1277 circa
366 1217 557 1278 bibliothecas
576 1237 677 1358 regum
696 1217 845 1281 Ptolemaei
867 1219 912 1280 &-

219 1296 378 1370 Eumenis,
390 1297 585 1381 supprimente
597 1320 612 1358 c
635 1317 707 1359 artas
721 1299 904 1375 Ptolemaeo,

221 1379 301 1439 idem
319 1377 415 1439 Varro
447 1379 627 1440 membranas
650 1378 781 1462 Pergami
811 1381 906 1441 tradi·

219 1459 265 1520 dit
284 1477 422 1541 repertas.
442 1459 544 1521 Postea
559 1461 717 1540 promiscue
731 1462 824 1541 patuit
837 1459 906 1522 usus

220 1541 283 1613 rei,
323 1541 360 1600 ui
382 1539 491 1602 constat
515 1542 713 1602 immortalitas
741 1542 905 1606 hominumt

218 1660 236 1670 .,
263 1562 520 1702 xll11.Papyrnm
542 1641 610 1704 ergo
633 1620 753 1684 nascitur
773 1624 803 1681 in
821 1623 908 1703 palu·

220 1699 321 1764 {itibus
329 1700 738 1784 AEgypt1,autquiescenribus
746 1701 906 1786 Niliaquis,
989 1741 990 1772 ς

216 1783 271 1844 ubi
292 1801 418 1866 evagatae
431 1781 577 1865 stagnant,
597 1783 655 1845 duo
675 1784 770 1846 cubita
779 1805 839 1844 non
849 1805 907 1844 ex·

221 1863 344 1926 cedente
366 1864 516 1924 altitudine
528 1865 692 1945 gurgitum,
709 1865 844 1924 brachiali
858 1887 908 1926 ra·
989 1867 990 1940 l

222 1945 294 2005 dicis
310 1945 435 2026 obliquae
447 1945 652 2018 crassitudine,
668 1946 811 2028 triangulis
831 1947 906 2006 late·
989 1949 990 1998 ἓ

220 2027 317 2094 ribus,
335 2026 438 2086 decem
454 2045 513 2084 non
533 2027 653 2106 amplius
672 2028 832 2087 cubitorum
843 2025 908 2090 lon·

220 2107 350 2188 gitudine
367 2107 397 2164 in
415 2106 602 2188 gracilitatem
622 2104 802 2188 fastigatum,
822 2109 908 2189 thyt-

223 2189 248 2245 si
267 2186 359 2250 modo
378 2206 517 2248 cacumen
539 2187 687 2248 includens
704 2187 818 2251 semine
836 2189 908 2250 nul-

220 2267 271 2340 lo,
288 2283 336 2326 aut
351 2264 402 2326 usu
420 2267 483 2328 e'us
496 2267 570 2338 alio,
590 2269 675 2350 quim
688 2269 768 2328 floris
783 2271 819 2330 ad
830 2270 908 2331 deos

218 2348 415 2410 coronandos.
436 2289 591 2409 liadicibus
620 2349 722 2411 incola
746 2368 799 2430 pro
823 2350 906 2432 ligno

119 2487 123 2494 ,
222 2444 339 2488 utuntur
351 2452 358 2490 t
372 2449 425 2488 nec
445 2430 516 2510 ignis
535 2431 644 2490 tantum
663 2431 772 2512 gratii,
800 2429 850 2492 sed
867 2433 907 2492 ad

222 2509 276 2570 alia
294 2530 411 2592 quoque
424 2509 553 2571 utensilia
564 2509 708 2572 vasorum.
718 2507 759 2572 Ex
768 2510 830 2592 ipso
841 2515 907 2594 qui·

222 2589 292 2650 dem
311 2610 426 2671 papyro
436 2592 549 2671 navigia
560 2608 678 2655 texuntt
692 2592 725 2654 &
737 2611 753 2650 e
766 2592 841 2653 libro
853 2613 907 2656 ve·

223 2669 271 2741 la,
292 2669 478 2752 tegetesque‚
494 2691 618 2734 necnon
632 2675 664 2734 &
673 2670 803 2744 vestem,
815 2676 905 2737 etiarn

221 2747 393 2832 stragulam,
407 2771 442 2810 ae
453 2749 545 2816 funes.
557 2751 702 2818 Mandant
710 2771 826 2856 quoque
838 2775 904 2816 cru·

224 2828 314 2910 duma
332 2828 558 2916 desertumque,
571 2831 907 2922 internuntiante.
