1934 3592
176 303 181 314 ·
207 271 366 344 Hiero
382 293 417 343 n.
437 271 511 344 Lib.
533 267 634 342 XVI.
674 257 751 368 ao}

100 393 206 474 myrto,
221 413 341 456 concava
361 393 458 466 buxo,
477 389 637 452 inordinata
647 395 757 474 pomis.

98 473 170 534 Plura
190 475 288 534 eodem
301 473 436 556 pediculo
457 475 590 534 exeuntia
608 473 689 532 malis
709 477 755 556 pi·

97 553 188 638 risque.
204 555 353 616 Ramulosa
365 555 460 628 ulmo,
472 557 505 618 &
521 551 626 636 cytiso.
639 553 757 634 Quibus

97 635 181 716 adjicit
191 634 262 698 Cato
280 637 418 710 decidua,
430 636 557 718 populea
567 652 755 718 quernaque,

97 719 245 778 animalibus
261 717 363 798 jubens
382 719 442 779 dari
461 737 521 777 non
541 717 691 799 perarida:
706 717 758 778 bu·

96 797 140 858 bus
156 799 308 882 quidem&
319 797 626 882 ficulnea‚ilignaque‚
648 797 759 862 &ede

96 897 172 940 racea.
190 879 301 942 Dantur
326 884 359 944 &
380 886 416 942 'eti
437 881 593 954 arundine,
613 901 647 940 ac
665 879 761 944 lauro.

95 956 227 1024 Decidunt
243 961 330 1026 sorbo
349 961 482 1024 universa
499 1007 510 1038 ,
528 963 630 1024 ceteris
661 963 758 1044 paula·

95 1043 146 1102 tim.
164 1041 201 1104 Et,
216 1045 252 1104 de
271 1043 348 1106 foliis
368 1039 512 1105 bruenus.

100 1145 102 1152 ¹
128 1121 261 1186 XXXIX.
274 1146 323 1210 25.
342 1123 429 1188 Ordo
448 1142 544 1185 autem
572 1141 679 1186 naturae
701 1146 757 1209 an7

95 1223 156 1264 nuus
176 1208 213 1267 ita
236 1205 264 1266 se
285 1207 384 1268 habet.
404 1203 515 1266 Primus
527 1203 568 1266 est
580 1214 758 1288 conceptus,¹

95 1283 152 1346 flare
173 1287 328 1370 incipiente
348 1303 440 1349 vento
466 1285 618 1360 Favonio,
647 1290 760 1356 circiter

94 1363 145 1426 iere
162 1363 266 1430 sextum
285 1368 354 1446 Idus
372 1367 527 1428 Februarii.
546 1367 613 1428 Hoc
626 1371 762 1430 maritan-

95 1455 132 1504 tur
146 1449 320 1510 vivescentia
331 1470 347 1509 e
357 1449 434 1510 terri
446 1469 456 1508 ε
477 1451 584 1530 quippe
595 1451 661 1510 cum
673 1452 762 1514 eriam

96 1545 166 1607 equae
181 1533 209 1590 in
228 1529 385 1614 Hispania,
396 1546 428 1590 ut
440 1529 573 1590 diximus.
590 1528 648 1588 Hic
659 1529 699 1592 est
712 1551 763 1612 ge«

96 1609 175 1672 nitelis
192 1611 208 1672 s
223 1615 304 1674 initus
333 1609 451 1682 mundi,
470 1632 487 1670 a
503 1609 634 1670 fovendo
651 1606 764 1687 dicius,

97 1705 123 1772 ut
144 1631 254 1786 quidfim
286 1691 497 1754 existimavere.
518 1691 580 1752 Flat
599 1690 636 1750 ab
658 1689 764 1752 occasu

97 1789 117 1828 ae
151 1772 291 1846 rnociiaii,
307 1793 360 1834 ver
379 1773 527 1833 inchoans.
555 1767 764 1852 Catulitionem

97 1857 128 1910 'ru'
146 1855 178 1913 'ci
196 1871 331 1927 vocant,
358 1851 496 1937 gestiente
523 1853 626 1913 naturai
656 1853 766 1914 semina

97 1933 229 2016 accipere,
250 1955 349 2018 eoque
373 1938 497 1996 animam
518 1933 659 1996 inferente
671 1935 767 1996 omni·

97 2007 142 2074 bus
151 2014 220 2078 satis.
231 2015 418 2096 ·Concipiunt
430 2017 516 2074 variis
528 2015 645 2090 diebus,
663 2015 695 2078 δι
710 2037 767 2100 pro

98 2091 138 2154 snt
155 2117 276 2182 quaeque
298 2095 407 2158 naturi.
425 2095 492 2156 Alia
509 2098 656 2178 protinus,
668 2099 769 2164 urani,-

99 2175 186 2241 malia:
208 2179 324 2240 tardius·
334 2177 447 2260 aliqua,
468 2175 501 2238 &
517 2175 621 2238 diutius
651 2179 770 2261 gravide

99 2271 185 2334 partus
225 2277 326 2324 erunt:
345 2257 429 2340 quod'
441 2261 610 2342 germinatio
631 2261 699 2320 ideo
712 2281 769 2322 vo·

100 2355 177 2402 catur.
200 2283 317 2404 {arium
332 2339 405 2402 uero
429 2343 495 2400 cum
516 2341 640 2411 florent,
657 2336 770 2421 flosque

99 2415 182 2482 illem
202 2427 241 2486 ris
255 2419 364 2482 constat
372 2421 507 2481 utriculis.
516 2417 655 2480 Educatio
671 2422 701 2478 in
713 2441 772 2500 poq

100 2495 143 2560 mo
152 2445 208 2566 estp:
230 2505 308 2579 hoc,
325 2503 357 2563 &
369 2502 558 2584 germinatio,
575 2497 717 2560 laborum.

134 2579 194 2647 XI..
217 2581 287 2646 Flos
309 2579 350 2644 est
369 2583 449 2664 pleni
468 2581 546 2641 veris
564 2579 720 2650 indicium,
739 2573 772 2640 δι

101 2666 161 2723 anni
178 2664 366 2736 renascentis,
388 2661 444 2722 flos
470 2660 606 2744 gaudium
626 2658 773 2727 arborum.

101 2739 180 2806 Tunc
196 2747 225 2807 se
246 2763 338 2808 novas
350 2743 421 2803 alias
436 2759 472 2804 ue
488 2741 574 2825 quim
594 2737 657 2801 sunt
674 2738 774 2804 osseni

103 2823 187 2890 duntt
209 2843 278 2891 tunc
298 2827 383 2892 variis
394 2760 526 2888 coierunt
540 2818 656 2964 piiqurip
670 2821 700 2883 in
712 2827 776 2885 cera

618 2925 650 2987 v}
