1954 3594
204 299 301 413 366'
327 314 362 384 C.
388 274 579 384 Ptrrrtr
603 313 785 387 ervn.

202 437 272 500 teris
287 434 327 494 ibi
346 432 471 515 partibus
486 434 604 496 biennio
624 435 654 494 in
672 437 793 496 triticum
803 439 880 496 trani

205 519 252 580 sit.
264 514 457 596 Remedium,
469 531 501 577 ut
516 517 684 598 gravissima
694 537 880 599 quaequegra·

135 609 140 618 ”
203 617 241 659 na
260 595 324 676 eius
345 594 483 670 serantur.

245 697 275 758 9.
300 676 324 738 E
346 677 455 759 siligine
480 676 652 738 lautissimus
671 679 769 759 panis,
786 675 878 758 pistri-

204 778 363 839 narumque
383 779 473 837 opera
488 757 696 839 laudatissima.
705 757 882 819 Praecellitin

206 839 308 914 ltalia,
326 840 350 898 si
372 837 429 914 Ca
468 860 521 899 ana
540 839 612 900 Pisis
634 856 708 900 natae
730 837 883 900 misceatur.

206 918 312 982 Rufior
327 919 393 994 illa,
410 861 546 980 dltsana
561 920 728 992 candidior,
742 920 881 1001 pondero·

205 1003 322 1083 siorque
335 1018 474 1061 cretacea.
483 999 593 1062 lustum
605 999 646 1061 est
663 1021 681 1060 e
692 1021 782 1082 grano
794 1000 879 1062 Cam·

207 1102 311 1164 panae,
330 1101 416 1162 quam
436 1099 544 1143 vocant
568 1080 736 1156 castratam,
757 1081 881 1144 emodio

207 1163 304 1224 redire
314 1160 450 1222 sextarios
460 1178 581 1244 quatuor
593 1161 730 1244 siliginis,
739 1161 788 1224 vel
800 1183 817 1224 e
827 1180 880 1244 gre·

208 1244 266 1326 gali
281 1243 341 1303 sine
353 1241 505 1304 castraturd
514 1241 651 1305 sextarios
662 1245 808 1326 quinque,
817 1262 880 1324 pra·

207 1341 288 1386 terea
313 1323 393 1384 floris
414 1322 593 1408 semodium:
610 1323 648 1384 Et
672 1324 790 1396 cibarii,
807 1321 878 1406 quod

208 1403 407 1466 secundarium
426 1423 555 1480 vocant,
580 1404 717 1466 sextarios
768 1423 877 1466 uatuort

208 1485 342 1559 furfuris,
365 1484 502 1546 sextarios
519 1487 655 1550 totidem.
675 1491 701 1546 E
720 1426 818 1547 Pisani
836 1505 877 1546 au·

210 1583 272 1628 tem
292 1568 409 1650 siliginis
427 1565 564 1629 sextarios
575 1571 701 1650 quinque
713 1590 723 1628 ι
737 1584 830 1628 cetera
838 1585 878 1647 pa·

210 1650 254 1711 ria
273 1647 343 1709 sunt.
368 1646 506 1722 Clusina,
529 1647 707 1730 Aretinaque
725 1650 875 1710 etiamnum

209 1727 348 1792 sextarios
365 1729 480 1816 siliginis
496 1728 643 1792 adsciunt:
660 1732 690 1790 in
712 1731 825 1810 reliquis
839 1747 876 1809 pa·

211 1831 268 1873 res.
287 1809 318 1872 Si
337 1810 409 1872 'iero
429 1811 570 1891 pollinem
586 1809 682 1886 facere
698 1809 787 1872 libeat
793 1825 877 1884 ‚xvh
954 1827 955 1854 ἐ

210 1891 315 2034 gendo
333 1893 414 1973 panis
432 1892 566 1968 redeunt,
584 1893 617 1954 &
635 1892 731 1953 cibarii
748 1887 876 1966 tria,sur·

226 1993 366 2055 urumque
386 1972 540 2069 semodius.
562 1971 652 2034 Molae
664 1970 877 2111 discriminehllc·

212 2051 876 2274 iilstsslilsnlllis¹iaiir¹¹23li¹¹il¹sfdl¹ssn

212 2215 356 2276 didiorem
377 2215 555 2276 medulam:
576 2218 678 2279 verlrm
693 2216 758 2297 plus
769 2216 877 2276 retinent

212 2295 243 2356 in
263 2293 380 2356 furfure.
398 2293 530 2355 Farinam
551 2295 658 2356 afarre
672 2296 777 2358 didam
791 2295 877 2356 nomi·

211 2374 334 2520 desilii
349 2373 641 2520 lli‘iirsllglli
657 2376 759 2519 llll?
777 2375 875 2520 llll

210 2539 323 2602 duabus
338 2501 462 2600 tribusire
485 2481 606 2621 ampliet
628 2541 659 2599 in
675 2502 824 2629 artopticio
836 2555 874 2617 pa·

211 2641 269 2718 ne.
282 2619 359 2681 Nam
383 2618 525 2681 furnaceis
541 2621 622 2684 binas
644 2620 782 2700 adjiciunt
801 2617 872 2680 librat

212 2723 243 2776 m
263 2722 446 2783 quocumque
466 2721 583 2784 genere.
725 2719 728 2724 “

259 2801 305 2842 10.
323 2779 459 2926 similago
481 2803 497 2842 e
515 2784 612 2844 tritico
632 2780 665 2842 fit
689 2780 877 2843 laudatissima.

209 2857 254 2947 Far
269 2861 377 2936 Africo
387 2859 418 2944 ju
445 2861 555 2960 unr‘est
575 2884 591 2927 e
609 2863 712 2926 modiis
731 2863 822 2926 redire
840 2855 874 2928 ste
