1942 3586
191 319 496 392 Hrsron.Lib.
525 321 606 392 XV.
661 321 725 418 165

69 436 108 516 qui
126 434 182 520 ipse
201 437 291 500 nullus
310 437 351 500 est
369 461 385 500 a
407 441 450 499 uis
462 462 469 501 :
482 455 530 500 aut
551 439 575 499 si
595 437 728 510 sentitur,

68 518 171 577 omnino
191 522 290 580 vitium
316 517 363 581 est.
431 523 525 592 irum,
543 521 598 579 tria
620 536 729 580 naturae

68 600 191 680 precipua
208 600 349 661 elementa
370 601 432 660 sine
451 598 553 682 sapore
571 597 648 672 effe,
669 601 730 660 sine

67 675 164 751 odore,
180 682 238 741 sine
261 703 367 742 succo:
384 701 488 762 aquas,
501 701 584 754 aera,
596 683 688 762 ignes.

98 757 225 822 xxxllt.
247 761 298 823 28.
316 761 394 844 Ergo
413 759 564 833 succorum
577 761 674 821 vinosi
687 759 731 840 pi·

69 858 108 911 to,
122 859 219 916 moro,
234 863 263 902 m
290 860 355 903 rto:
377 841 495 900 minime
515 838 619 924 (quod
637 841 730 900 mite·

68 917 139 1000 ntur)
160 922 230 983 uvis.
283 924 426 1004 tpingues
444 922 549 995 olivae,
566 922 731 994 lauto,nu·

68 997 208 1081 cijuglandi
219 1048 228 1076 ‚
239 1003 401 1086 amygdalis
413 1025 421 1063 ι
434 1001 530 1062 dulces
547 1003 628 1075 uvis,
646 999 729 1075 ficis,

68 1079 168 1160 palmis:
184 1082 307 1164 aquosus
330 1084 436 1164 prunis.
448 1081 557 1164 Magna
568 1081 729 1143 differentia

69 1159 93 1219 dt
106 1162 131 1220 in
145 1164 241 1224 colore
259 1164 346 1225 succi.
366 1161 542 1244 Sanguinem
554 1165 662 1235 moris,
681 1181 732 1222 ce·

68 1242 139 1312 rasis,
158 1245 274 1318 cornis,
293 1246 358 1305 uvis
377 1246 472 1326 nigris.
485 1241 567 1304 Idem
577 1243 649 1304 albis
661 1263 732 1303 can·

68 1320 144 1382 didus.
159 1323 278 1386 Labicus
300 1327 329 1386 in
349 1326 442 1405 capite
461 1322 541 1398 ficis,
562 1326 591 1383 in
607 1341 733 1406 corpore

68 1421 114 1462 non
127 1404 209 1466 item:
227 1404 364 1486 spumeus
395 1404 501 1474 malis:
521 1403 614 1464 nullus
639 1403 734 1464 Persi·

69 1483 100 1540 cis
110 1527 117 1555 ,
128 1486 188 1546 cbtn
205 1485 363 1568 praesertim
383 1485 517 1545 duracina
533 1483 617 1546 succo
634 1484 733 1544 abun·

69 1561 139 1626 dent:
150 1564 195 1627 sed
211 1569 277 1650 quis
295 1564 355 1648 ejus
366 1565 455 1626 ullum
466 1566 568 1625 dixerit
582 1563 734 1626 colorem?

68 1639 113 1704 Sua
127 1646 156 1706 dt
173 1649 202 1706 in
221 1648 317 1709 odore
335 1647 480 1707 miracula.
505 1643 592 1704 Malis
611 1661 732 1716 acutus,

69 1720 168 1786 Persicis
187 1728 315 1801 dilutus,
336 1726 466 1788 dulcibus
487 1724 607 1785 nullus:
625 1744 692 1784 nam
703 1725 736 1786 &

69 1806 152 1868 vinum
168 1809 224 1870 tale
245 1810 309 1870 sine
332 1808 445 1870 odore:
463 1822 550 1866 tenue
569 1804 734 1866 odoratius:

71 1887 199 1971 multoque
217 1889 342 1951 celeribs
357 1889 424 1948 ralia
444 1886 480 1946 ad
496 1882 577 1946 usum
592 1887 732 1958 veniunt,

70 1965 140 2045 quim
172 1972 278 2054 inguia.
294 1968 372 2050 Quae
390 1968 533 2038 odorata,
552 1984 612 2024 non
629 1963 732 2026 eadem

71 2045 94 2104 in
109 2067 140 2130 gu
161 2069 290 2114 utenera
302 2070 309 2110 t
320 2051 388 2131 quia
398 2069 458 2109 non
469 2045 646 2128 suntpariter
657 2047 733 2107 odor

72 2125 97 2185 dt
114 2127 198 2214 sapor.
222 2129 429 2211 Quamobrem
442 2129 534 2190 citreis
546 2127 621 2188 odor
630 2130 737 2188 acerri-
759 2127 765 2136 ’

73 2227 140 2283 mus,
156 2212 241 2294 sapor
250 2209 420 2292 asperrimus
437 2231 444 2270 :
468 2208 676 2291 quadamtenus
702 2211 735 2272 &

73 2295 200 2355 cotoneis:
222 2291 373 2374 nullusque
390 2291 465 2352 odor
483 2289 553 2351 ficis.

103 2367 236 2436 XXXIV.
257 2377 293 2434 Et
312 2371 444 2433 hedenus
453 2374 509 2432 sint
520 2369 627 2450 species
639 2388 672 2430 ac
685 2386 735 2448 ge·

73 2467 129 2511 neta
187 2475 323 2528 morum,
341 2469 453 2518 naturas
464 2449 566 2510 arctius
578 2448 676 2528 colligi
687 2467 738 2526 par

74 2527 115 2590 el„
158 2538 183 2595 ia
193 2536 304 2615 siliquis
323 2537 490 2616 gignuntur,
504 2529 574 2609 ipsis
584 2525 737 2600 dulcibus,

74 2607 155 2674 lemen
176 2636 213 2676 ue
225 2616 384 2696 complexis
393 2629 537 2674 amarum:
552 2607 619 2668 ciant
629 2607 658 2666 in
670 2604 737 2684 plu·

74 2691 137 2754 tibus
155 2635 264 2756 {mina
284 2694 470 2776 placeant,in
487 2687 590 2769 siliqud
604 2685 740 2748 damnen-

73 2785 117 2832 tur,
133 2774 200 2840 Alia
221 2777 334 2845 baccis,
346 2793 468 2855 quarum
478 2774 554 2831 intus
567 2769 587 2828 li
628 2785 694 2838 um,
706 2765 739 2830 δι

74 2853 144 2918 extra
163 2877 229 2922 caro
240 2900 250 2932 ‚
262 2873 293 2920 ut
314 2856 417 2926 olivis,
429 2853 544 2917 cerasis.
564 2847 742 2930 Aiquorutn,
