<?xml version="1.0" encoding="UTF-8"?>
<!DOCTYPE html PUBLIC "-//W3C//DTD XHTML 1.0 Transitional//EN"
    "http://www.w3.org/TR/xhtml1/DTD/xhtml1-transitional.dtd">
<html xmlns="http://www.w3.org/1999/xhtml" xml:lang="en" lang="en">
 <head>
  <title>
</title>
<meta http-equiv="Content-Type" content="text/html;charset=utf-8" />
  <meta name='ocr-system' content='tesseract 3.04.00' />
  <meta name='ocr-capabilities' content='ocr_page ocr_carea ocr_par ocr_line ocrx_word'/>
</head>
<body>
  <div class='ocr_page' id='page_1' title='image "./caiipliniisecun01brotgoog_0318.png"; bbox 0 0 1932 3588; ppageno 0'>
   <div class='ocr_carea' id='block_1_1' title="bbox 164 328 737 429">
    <p class='ocr_par' dir='ltr' id='par_1_1' title="bbox 164 328 737 429">
     <span class='ocr_line' id='line_1_1' title="bbox 164 328 737 429; baseline 0.003 -25"><span class='ocrx_word' id='word_1_1' title='bbox 164 328 371 406; x_wconf 80' lang='lat' dir='ltr'>Hrrron.</span> <span class='ocrx_word' id='word_1_2' title='bbox 397 332 472 406; x_wconf 80' lang='lat' dir='ltr'>Lib.</span> <span class='ocrx_word' id='word_1_3' title='bbox 496 331 612 406; x_wconf 87' lang='lat' dir='ltr'><strong>xvn.</strong></span> <span class='ocrx_word' id='word_1_4' title='bbox 662 341 737 429; x_wconf 76' lang='lat'>309&#39;</span> 
     </span>
    </p>
   </div>
   <div class='ocr_carea' id='block_1_2' title="bbox 53 439 820 2948">
    <p class='ocr_par' dir='ltr' id='par_1_2' title="bbox 69 439 820 858">
     <span class='ocr_line' id='line_1_2' title="bbox 69 439 795 516; baseline 0.003 -3"><span class='ocrx_word' id='word_1_5' title='bbox 69 448 211 514; x_wconf 82' lang='lat' dir='ltr'>Miainaum</span> <span class='ocrx_word' id='word_1_6' title='bbox 224 452 255 514; x_wconf 88' lang='lat' dir='ltr'>id</span> <span class='ocrx_word' id='word_1_7' title='bbox 276 450 333 516; x_wconf 81' lang='lat' dir='ltr'>esse</span> <span class='ocrx_word' id='word_1_8' title='bbox 348 453 469 516; x_wconf 84' lang='lat' dir='ltr'>debebit</span> <span class='ocrx_word' id='word_1_9' title='bbox 488 451 671 515; x_wconf 76' lang='lat' dir='ltr'>intervallum</span> <span class='ocrx_word' id='word_1_10' title='bbox 700 467 734 516; x_wconf 90' lang='lat' dir='ltr'>ut</span> <span class='ocrx_word' id='word_1_11' title='bbox 787 439 795 463; x_wconf 83' lang='grc'><strong><em>’</em></strong></span> 
     </span>
     <span class='ocr_line' id='line_1_3' title="bbox 69 532 735 677; baseline 0.006 -5"><span class='ocrx_word' id='word_1_12' title='bbox 69 532 735 677; x_wconf 50' lang='lat' dir='ltr'>:llsszzlrlmsli&#39;llss’illelius</span> 
     </span>
     <span class='ocr_line' id='line_1_4' title="bbox 69 659 820 778; baseline 0.005 -26"><span class='ocrx_word' id='word_1_13' title='bbox 69 691 175 776; x_wconf 78' lang='lat' dir='ltr'>spargat.</span> <span class='ocrx_word' id='word_1_14' title='bbox 184 695 227 756; x_wconf 79' lang='lat' dir='ltr'>lta</span> <span class='ocrx_word' id='word_1_15' title='bbox 235 713 411 778; x_wconf 87' lang='lat' dir='ltr'>temperetur</span> <span class='ocrx_word' id='word_1_16' title='bbox 421 697 468 758; x_wconf 89' lang='lat' dir='ltr'>hic</span> <span class='ocrx_word' id='word_1_17' title='bbox 477 659 601 766; x_wconf 81' lang='lat' dir='ltr'>ritodus,</span> <span class='ocrx_word' id='word_1_18' title='bbox 616 712 648 754; x_wconf 92' lang='lat' dir='ltr'>ut</span> <span class='ocrx_word' id='word_1_19' title='bbox 661 692 736 756; x_wconf 87' lang='lat' dir='ltr'>cres·</span> <span class='ocrx_word' id='word_1_20' title='bbox 819 773 820 776; x_wconf 8' lang='grc' dir='ltr'><strong>Ἴ</strong></span> 
     </span>
     <span class='ocr_line' id='line_1_5' title="bbox 70 775 655 858; baseline 0.007 -24"><span class='ocrx_word' id='word_1_21' title='bbox 70 793 126 834; x_wconf 86' lang='lat' dir='ltr'>rere</span> <span class='ocrx_word' id='word_1_22' title='bbox 143 778 297 838; x_wconf 81' lang='lat' dir='ltr'>etiamnum</span> <span class='ocrx_word' id='word_1_23' title='bbox 319 777 422 852; x_wconf 86' lang='lat' dir='ltr'>malit,</span> <span class='ocrx_word' id='word_1_24' title='bbox 440 775 527 858; x_wconf 73' lang='lat' dir='ltr'>quim</span> <span class='ocrx_word' id='word_1_25' title='bbox 545 795 655 856; x_wconf 87' lang='lat' dir='ltr'>parere.</span> 
     </span>
    </p>

    <p class='ocr_par' dir='ltr' id='par_1_3' title="bbox 53 853 765 2948">
     <span class='ocr_line' id='line_1_6' title="bbox 101 853 737 939; baseline 0.006 -25"><span class='ocrx_word' id='word_1_26' title='bbox 101 853 206 918; x_wconf 87' lang='lat' dir='ltr'>Palmes</span> <span class='ocrx_word' id='word_1_27' title='bbox 228 857 299 918; x_wconf 88' lang='lat' dir='ltr'>duas</span> <span class='ocrx_word' id='word_1_28' title='bbox 326 857 422 920; x_wconf 86' lang='lat' dir='ltr'>tresve</span> <span class='ocrx_word' id='word_1_29' title='bbox 446 854 646 939; x_wconf 53' lang='lat' dir='ltr'>gemmacsub</span> <span class='ocrx_word' id='word_1_30' title='bbox 664 853 737 939; x_wconf 83' lang='lat' dir='ltr'>jugo</span> 
     </span>
     <span class='ocr_line' id='line_1_7' title="bbox 70 931 735 1032; baseline 0.008 -38"><span class='ocrx_word' id='word_1_31' title='bbox 70 931 165 1000; x_wconf 81' lang='lat' dir='ltr'>lubere</span> <span class='ocrx_word' id='word_1_32' title='bbox 178 938 282 1029; x_wconf 68' lang='lat' dir='ltr'>delier,</span> <span class='ocrx_word' id='word_1_33' title='bbox 297 958 334 1000; x_wconf 87' lang='lat' dir='ltr'>ex</span> <span class='ocrx_word' id='word_1_34' title='bbox 347 939 451 1020; x_wconf 89' lang='lat' dir='ltr'>quibus</span> <span class='ocrx_word' id='word_1_35' title='bbox 463 939 582 1032; x_wconf 77' lang='lat' dir='ltr'>materia</span> <span class='ocrx_word' id='word_1_36' title='bbox 590 935 735 999; x_wconf 79' lang='lat' dir='ltr'>nascaturr</span> 
     </span>
     <span class='ocr_line' id='line_1_8' title="bbox 71 1015 739 1182; baseline 0.007 -26"><span class='ocrx_word' id='word_1_37' title='bbox 71 1015 739 1182; x_wconf 48' lang='lat' dir='ltr'>llisrlffifssnlr‘llalilllilli&#39;}</span> 
     </span>
     <span class='ocr_line' id='line_1_9' title="bbox 72 1176 739 1263; baseline 0.006 -27"><span class='ocrx_word' id='word_1_38' title='bbox 72 1176 205 1242; x_wconf 72' lang='lat' dir='ltr'>adstriilus</span> <span class='ocrx_word' id='word_1_39' title='bbox 222 1181 343 1242; x_wconf 73' lang='lat' dir='ltr'>atertia</span> <span class='ocrx_word' id='word_1_40' title='bbox 366 1181 482 1263; x_wconf 72' lang='lat' dir='ltr'>gemmi</span> <span class='ocrx_word' id='word_1_41' title='bbox 508 1179 639 1262; x_wconf 84' lang='lat' dir='ltr'>alligari:</span> <span class='ocrx_word' id='word_1_42' title='bbox 661 1201 739 1261; x_wconf 89' lang='lat' dir='ltr'>quo·</span> 
     </span>
     <span class='ocr_line' id='line_1_10' title="bbox 72 1259 741 1342; baseline 0 -22"><span class='ocrx_word' id='word_1_43' title='bbox 72 1259 139 1320; x_wconf 85' lang='lat' dir='ltr'>niam</span> <span class='ocrx_word' id='word_1_44' title='bbox 157 1261 188 1324; x_wconf 91' lang='lat'>&amp;</span> <span class='ocrx_word' id='word_1_45' title='bbox 215 1263 255 1323; x_wconf 82' lang='lat' dir='ltr'>sic</span> <span class='ocrx_word' id='word_1_46' title='bbox 279 1280 432 1323; x_wconf 89' lang='lat' dir='ltr'>coercetur</span> <span class='ocrx_word' id='word_1_47' title='bbox 452 1263 576 1342; x_wconf 86' lang='lat' dir='ltr'>impetus</span> <span class='ocrx_word' id='word_1_48' title='bbox 593 1261 741 1335; x_wconf 51' lang='lat' dir='ltr'>materian</span> 
     </span>
     <span class='ocr_line' id='line_1_11' title="bbox 72 1337 742 1424; baseline 0.007 -26"><span class='ocrx_word' id='word_1_49' title='bbox 72 1337 210 1404; x_wconf 81' lang='lat' dir='ltr'>densiores</span> <span class='ocrx_word' id='word_1_50' title='bbox 281 1340 354 1404; x_wconf 69' lang='lat' dir='ltr'>citri</span> <span class='ocrx_word' id='word_1_51' title='bbox 373 1343 502 1424; x_wconf 82' lang='lat' dir='ltr'><strong>pampini</strong></span> <span class='ocrx_word' id='word_1_52' title='bbox 522 1339 679 1403; x_wconf 83' lang='lat' dir='ltr'>exsultant:</span> <span class='ocrx_word' id='word_1_53' title='bbox 692 1362 742 1402; x_wconf 81' lang='lat' dir='ltr'>ca·</span> 
     </span>
     <span class='ocr_line' id='line_1_12' title="bbox 53 1420 743 1506; baseline 0 -24"><span class='ocrx_word' id='word_1_54' title='bbox 53 1476 55 1482; x_wconf 81' lang='grc'>,</span> <span class='ocrx_word' id='word_1_55' title='bbox 73 1438 164 1482; x_wconf 84' lang='lat' dir='ltr'>cumen</span> <span class='ocrx_word' id='word_1_56' title='bbox 179 1443 211 1484; x_wconf 90' lang='lat' dir='ltr'>te</span> <span class='ocrx_word' id='word_1_57' title='bbox 223 1425 293 1506; x_wconf 81' lang='lat' dir='ltr'>igari</span> <span class='ocrx_word' id='word_1_58' title='bbox 304 1439 414 1488; x_wconf 82' lang='lat' dir='ltr'>vetant.</span> <span class='ocrx_word' id='word_1_59' title='bbox 430 1421 542 1484; x_wconf 85' lang='lat' dir='ltr'>Natura</span> <span class='ocrx_word' id='word_1_60' title='bbox 550 1421 611 1482; x_wconf 77' lang='lat' dir='ltr'>hec</span> <span class='ocrx_word' id='word_1_61' title='bbox 620 1420 677 1483; x_wconf 85' lang='lat' dir='ltr'>est:</span> <span class='ocrx_word' id='word_1_62' title='bbox 688 1421 743 1482; x_wconf 87' lang='lat' dir='ltr'>de·</span> 
     </span>
     <span class='ocr_line' id='line_1_13' title="bbox 74 1497 744 1587; baseline 0.006 -27"><span class='ocrx_word' id='word_1_63' title='bbox 74 1497 223 1584; x_wconf 64' lang='lat' dir='ltr'>imapum,</span> <span class='ocrx_word' id='word_1_64' title='bbox 233 1521 282 1566; x_wconf 85' lang='lat' dir='ltr'>aur</span> <span class='ocrx_word' id='word_1_65' title='bbox 297 1501 593 1587; x_wconf 72' lang='lat' dir='ltr'>preligata,srusium</span> <span class='ocrx_word' id='word_1_66' title='bbox 603 1501 669 1576; x_wconf 88' lang='lat' dir='ltr'>dat,</span> <span class='ocrx_word' id='word_1_67' title='bbox 679 1502 744 1584; x_wconf 90' lang='lat' dir='ltr'>piu·</span> 
     </span>
     <span class='ocr_line' id='line_1_14' title="bbox 74 1581 742 1666; baseline 0.006 -26"><span class='ocrx_word' id='word_1_68' title='bbox 74 1581 222 1666; x_wconf 84' lang='lat' dir='ltr'>rimr&#39;rmque</span> <span class='ocrx_word' id='word_1_69' title='bbox 240 1584 301 1665; x_wconf 85' lang='lat' dir='ltr'>ipsa</span> <span class='ocrx_word' id='word_1_70' title='bbox 319 1600 480 1646; x_wconf 78' lang='lat' dir='ltr'>curvatura.</span> <span class='ocrx_word' id='word_1_71' title='bbox 495 1581 589 1663; x_wconf 87' lang='lat' dir='ltr'>Quod</span> <span class='ocrx_word' id='word_1_72' title='bbox 599 1581 669 1644; x_wconf 79' lang='lat' dir='ltr'>cirria</span> <span class='ocrx_word' id='word_1_73' title='bbox 681 1581 742 1658; x_wconf 82' lang='lat' dir='ltr'>est,</span> 
     </span>
     <span class='ocr_line' id='line_1_15' title="bbox 73 1661 763 1744; baseline 0.006 -24"><span class='ocrx_word' id='word_1_74' title='bbox 73 1665 210 1724; x_wconf 84' lang='lat' dir='ltr'>materiem</span> <span class='ocrx_word' id='word_1_75' title='bbox 226 1667 338 1738; x_wconf 88' lang='lat' dir='ltr'>mittit,</span> <span class='ocrx_word' id='word_1_76' title='bbox 357 1663 536 1736; x_wconf 81' lang='lat' dir='ltr'>offensante,</span> <span class='ocrx_word' id='word_1_77' title='bbox 559 1661 742 1744; x_wconf 85' lang='lat' dir='ltr'>cred0,spi·</span> <span class='ocrx_word' id='word_1_78' title='bbox 761 1707 763 1714; x_wconf 69' lang='lat'><em>,</em></span> 
     </span>
     <span class='ocr_line' id='line_1_16' title="bbox 74 1741 742 1828; baseline 0.007 -29"><span class='ocrx_word' id='word_1_79' title='bbox 74 1741 121 1804; x_wconf 85' lang='lat' dir='ltr'>ritu</span> <span class='ocrx_word' id='word_1_80' title='bbox 129 1789 139 1819; x_wconf 90' lang='lat'>,</span> <span class='ocrx_word' id='word_1_81' title='bbox 148 1745 235 1808; x_wconf 74' lang='lat' dir='ltr'>&amp;illa</span> <span class='ocrx_word' id='word_1_82' title='bbox 241 1789 253 1820; x_wconf 83' lang='lat'>,</span> <span class='ocrx_word' id='word_1_83' title='bbox 265 1765 356 1828; x_wconf 87' lang='lat' dir='ltr'>quarn</span> <span class='ocrx_word' id='word_1_84' title='bbox 362 1745 502 1814; x_wconf 85' lang='lat' dir='ltr'>diximus,</span> <span class='ocrx_word' id='word_1_85' title='bbox 514 1745 652 1806; x_wconf 62' lang='lat' dir='ltr'>medulla.</span> <span class='ocrx_word' id='word_1_86' title='bbox 662 1742 742 1823; x_wconf 85' lang='lat' dir='ltr'>Quae</span> 
     </span>
     <span class='ocr_line' id='line_1_17' title="bbox 74 1821 742 1960; baseline 0.003 -76"><span class='ocrx_word' id='word_1_87' title='bbox 74 1821 108 1960; x_wconf 64' lang='lat' dir='ltr'>isra</span> <span class='ocrx_word' id='word_1_88' title='bbox 123 1828 275 1890; x_wconf 69' lang='lat' dir='ltr'>emicuerit</span> <span class='ocrx_word' id='word_1_89' title='bbox 287 1827 421 1899; x_wconf 84' lang='lat' dir='ltr'>materia,</span> <span class='ocrx_word' id='word_1_90' title='bbox 430 1823 552 1886; x_wconf 75' lang='lat' dir='ltr'>sruilurn</span> <span class='ocrx_word' id='word_1_91' title='bbox 572 1825 652 1886; x_wconf 91' lang='lat' dir='ltr'>dabit</span> <span class='ocrx_word' id='word_1_92' title='bbox 664 1845 742 1886; x_wconf 86' lang='lat' dir='ltr'>anno</span> 
     </span>
     <span class='ocr_line' id='line_1_18' title="bbox 85 1921 208 1969; baseline 0.057 -7"><span class='ocrx_word' id='word_1_93' title='bbox 85 1921 208 1969; x_wconf 87' lang='lat' dir='ltr'>euente.</span> 
     </span>
     <span class='ocr_line' id='line_1_19' title="bbox 74 1923 745 2073; baseline -0.003 -27"><span class='ocrx_word' id='word_1_94' title='bbox 74 2003 76 2008; x_wconf 86' lang='lat'>·</span> <span class='ocrx_word' id='word_1_95' title='bbox 101 1923 152 2047; x_wconf 54' lang='lat' dir='ltr'>(lic</span> <span class='ocrx_word' id='word_1_96' title='bbox 167 1989 225 2052; x_wconf 87' lang='lat' dir='ltr'>duo</span> <span class='ocrx_word' id='word_1_97' title='bbox 242 2008 352 2073; x_wconf 79' lang='lat' dir='ltr'>genera</span> <span class='ocrx_word' id='word_1_98' title='bbox 370 1987 541 2069; x_wconf 84' lang='lat' dir='ltr'>palmitum:</span> <span class='ocrx_word' id='word_1_99' title='bbox 558 1983 640 2066; x_wconf 88' lang='lat' dir='ltr'>quod</span> <span class='ocrx_word' id='word_1_100' title='bbox 656 2004 674 2045; x_wconf 86' lang='lat' dir='ltr'>e</span> <span class='ocrx_word' id='word_1_101' title='bbox 690 1981 745 2044; x_wconf 63' lang='lat' dir='ltr'>dua</span> 
     </span>
     <span class='ocr_line' id='line_1_20' title="bbox 75 2067 765 2150; baseline -0.001 -25"><span class='ocrx_word' id='word_1_102' title='bbox 75 2084 106 2125; x_wconf 86' lang='lat' dir='ltr'>ru</span> <span class='ocrx_word' id='word_1_103' title='bbox 123 2071 194 2144; x_wconf 83' lang='lat' dir='ltr'>exit,</span> <span class='ocrx_word' id='word_1_104' title='bbox 210 2071 419 2150; x_wconf 87' lang='lat' dir='ltr'>materiamque</span> <span class='ocrx_word' id='word_1_105' title='bbox 428 2070 458 2126; x_wconf 89' lang='lat' dir='ltr'>in</span> <span class='ocrx_word' id='word_1_106' title='bbox 467 2067 631 2148; x_wconf 84' lang='lat' dir='ltr'>proximum</span> <span class='ocrx_word' id='word_1_107' title='bbox 638 2084 746 2125; x_wconf 86' lang='lat' dir='ltr'>annum</span> <span class='ocrx_word' id='word_1_108' title='bbox 758 2087 765 2097; x_wconf 65' lang='grc'>·’</span> 
     </span>
     <span class='ocr_line' id='line_1_21' title="bbox 74 2145 745 2232; baseline 0.004 -29"><span class='ocrx_word' id='word_1_109' title='bbox 74 2151 224 2225; x_wconf 78' lang='lat' dir='ltr'>promittit,</span> <span class='ocrx_word' id='word_1_110' title='bbox 248 2151 460 2232; x_wconf 82' lang='lat' dir='ltr'>pampinarium</span> <span class='ocrx_word' id='word_1_111' title='bbox 478 2163 599 2209; x_wconf 86' lang='lat' dir='ltr'>vocatur</span> <span class='ocrx_word' id='word_1_112' title='bbox 616 2169 624 2208; x_wconf 75' lang='grc' dir='ltr'>ι</span> <span class='ocrx_word' id='word_1_113' title='bbox 644 2163 673 2206; x_wconf 90' lang='lat' dir='ltr'>at</span> <span class='ocrx_word' id='word_1_114' title='bbox 684 2145 745 2206; x_wconf 82' lang='lat' dir='ltr'>ubi</span> 
     </span>
     <span class='ocr_line' id='line_1_22' title="bbox 77 2222 746 2308; baseline 0 -20"><span class='ocrx_word' id='word_1_115' title='bbox 77 2222 151 2308; x_wconf 84' lang='lat' dir='ltr'>supra</span> <span class='ocrx_word' id='word_1_116' title='bbox 170 2233 334 2294; x_wconf 82' lang='lat' dir='ltr'>cicatricem</span> <span class='ocrx_word' id='word_1_117' title='bbox 354 2228 417 2305; x_wconf 89' lang='lat' dir='ltr'>est,</span> <span class='ocrx_word' id='word_1_118' title='bbox 435 2227 630 2290; x_wconf 75' lang='lat' dir='ltr'>stusiuarium.</span> <span class='ocrx_word' id='word_1_119' title='bbox 659 2225 746 2288; x_wconf 87' lang='lat' dir='ltr'>Alte·</span> 
     </span>
     <span class='ocr_line' id='line_1_23' title="bbox 77 2306 746 2406; baseline 0.003 -38"><span class='ocrx_word' id='word_1_120' title='bbox 77 2324 134 2368; x_wconf 85' lang='lat' dir='ltr'>rum</span> <span class='ocrx_word' id='word_1_121' title='bbox 151 2331 185 2372; x_wconf 83' lang='lat' dir='ltr'>ex</span> <span class='ocrx_word' id='word_1_122' title='bbox 200 2311 336 2374; x_wconf 81' lang='lat' dir='ltr'>anniculo</span> <span class='ocrx_word' id='word_1_123' title='bbox 357 2311 492 2406; x_wconf 80' lang='lat' dir='ltr'>palmite,</span> <span class='ocrx_word' id='word_1_124' title='bbox 508 2307 678 2394; x_wconf 84' lang='lat' dir='ltr'>semperque</span> <span class='ocrx_word' id='word_1_125' title='bbox 688 2306 746 2370; x_wconf 88' lang='lat' dir='ltr'>sru-</span> 
     </span>
     <span class='ocr_line' id='line_1_24' title="bbox 79 2385 747 2472; baseline -0.004 -21"><span class='ocrx_word' id='word_1_126' title='bbox 79 2385 211 2454; x_wconf 73' lang='lat' dir='ltr'>sluarium.</span> <span class='ocrx_word' id='word_1_127' title='bbox 230 2392 319 2454; x_wconf 87' lang='lat' dir='ltr'>Relin</span> <span class='ocrx_word' id='word_1_128' title='bbox 341 2389 475 2452; x_wconf 87' lang='lat' dir='ltr'>urtursub</span> <span class='ocrx_word' id='word_1_129' title='bbox 488 2388 558 2472; x_wconf 83' lang='lat' dir='ltr'>jugo</span> <span class='ocrx_word' id='word_1_130' title='bbox 578 2392 610 2451; x_wconf 81' lang='grc' dir='ltr'>δι</span> <span class='ocrx_word' id='word_1_131' title='bbox 627 2391 677 2470; x_wconf 83' lang='lat' dir='ltr'>qui</span> <span class='ocrx_word' id='word_1_132' title='bbox 691 2409 747 2449; x_wconf 91' lang='lat' dir='ltr'>vo-</span> 
     </span>
     <span class='ocr_line' id='line_1_25' title="bbox 78 2413 747 2548; baseline -0.004 -18"><span class='ocrx_word' id='word_1_133' title='bbox 78 2485 148 2530; x_wconf 82' lang='lat' dir='ltr'>catur</span> <span class='ocrx_word' id='word_1_134' title='bbox 176 2472 283 2535; x_wconf 84' lang='lat' dir='ltr'>custos.</span> <span class='ocrx_word' id='word_1_135' title='bbox 314 2413 370 2534; x_wconf 60' lang='lat' dir='ltr'>lllic</span> <span class='ocrx_word' id='word_1_136' title='bbox 398 2471 440 2531; x_wconf 90' lang='lat' dir='ltr'>est</span> <span class='ocrx_word' id='word_1_137' title='bbox 459 2469 592 2529; x_wconf 86' lang='lat' dir='ltr'>novellus</span> <span class='ocrx_word' id='word_1_138' title='bbox 615 2468 747 2548; x_wconf 86' lang='lat' dir='ltr'>palmes,</span> 
     </span>
     <span class='ocr_line' id='line_1_26' title="bbox 77 2550 749 2638; baseline -0.006 -30"><span class='ocrx_word' id='word_1_139' title='bbox 77 2567 130 2608; x_wconf 84' lang='lat' dir='ltr'>uun</span> <span class='ocrx_word' id='word_1_140' title='bbox 142 2550 257 2638; x_wconf 80' lang='lat' dir='ltr'>longior</span> <span class='ocrx_word' id='word_1_141' title='bbox 272 2554 362 2614; x_wconf 86' lang='lat' dir='ltr'>tribus</span> <span class='ocrx_word' id='word_1_142' title='bbox 382 2551 525 2632; x_wconf 82' lang='lat' dir='ltr'>gemmis,</span> <span class='ocrx_word' id='word_1_143' title='bbox 545 2551 679 2628; x_wconf 84' lang='lat' dir='ltr'>proximo</span> <span class='ocrx_word' id='word_1_144' title='bbox 696 2567 749 2606; x_wconf 85' lang='lat' dir='ltr'>an·</span> 
     </span>
     <span class='ocr_line' id='line_1_27' title="bbox 76 2625 749 2702; baseline -0.013 -7"><span class='ocrx_word' id='word_1_145' title='bbox 76 2646 113 2688; x_wconf 79' lang='lat'>¹1⁰</span> <span class='ocrx_word' id='word_1_146' title='bbox 126 2637 272 2696; x_wconf 79' lang='lat' dir='ltr'>materiam</span> <span class='ocrx_word' id='word_1_147' title='bbox 291 2635 425 2702; x_wconf 87' lang='lat' dir='ltr'>daturus,</span> <span class='ocrx_word' id='word_1_148' title='bbox 450 2630 475 2688; x_wconf 83' lang='lat' dir='ltr'>si</span> <span class='ocrx_word' id='word_1_149' title='bbox 497 2630 564 2688; x_wconf 88' lang='lat' dir='ltr'>vitis</span> <span class='ocrx_word' id='word_1_150' title='bbox 587 2625 698 2686; x_wconf 72' lang='lat' dir='ltr'>luxurii</span> <span class='ocrx_word' id='word_1_151' title='bbox 718 2625 749 2686; x_wconf 88' lang='lat' dir='ltr'>se</span> 
     </span>
     <span class='ocr_line' id='line_1_28' title="bbox 75 2705 750 2795; baseline -0.003 -28"><span class='ocrx_word' id='word_1_152' title='bbox 75 2711 283 2795; x_wconf 85' lang='lat' dir='ltr'>consumpserit.</span> <span class='ocrx_word' id='word_1_153' title='bbox 303 2713 341 2774; x_wconf 88' lang='lat' dir='ltr'>Et</span> <span class='ocrx_word' id='word_1_154' title='bbox 359 2711 430 2772; x_wconf 86' lang='lat' dir='ltr'>alius</span> <span class='ocrx_word' id='word_1_155' title='bbox 448 2705 526 2787; x_wconf 85' lang='lat' dir='ltr'>juxta</span> <span class='ocrx_word' id='word_1_156' title='bbox 551 2727 635 2782; x_wconf 92' lang='lat' dir='ltr'>eum,</span> <span class='ocrx_word' id='word_1_157' title='bbox 648 2725 750 2766; x_wconf 87' lang='lat' dir='ltr'>verru-</span> 
     </span>
     <span class='ocr_line' id='line_1_29' title="bbox 77 2784 750 2878; baseline -0.007 -23"><span class='ocrx_word' id='word_1_158' title='bbox 77 2807 116 2850; x_wconf 62' lang='grc' dir='ltr'>σε</span> <span class='ocrx_word' id='word_1_159' title='bbox 129 2795 343 2878; x_wconf 83' lang='lat' dir='ltr'>magnitudine,</span> <span class='ocrx_word' id='word_1_160' title='bbox 363 2793 412 2875; x_wconf 89' lang='lat' dir='ltr'>qui</span> <span class='ocrx_word' id='word_1_161' title='bbox 430 2788 597 2852; x_wconf 76' lang='lat' dir='ltr'>furunculus</span> <span class='ocrx_word' id='word_1_162' title='bbox 620 2784 750 2870; x_wconf 51' lang='lat' dir='ltr'>appella?</span> 
     </span>
     <span class='ocr_line' id='line_1_30' title="bbox 77 2869 552 2948; baseline 0.008 -18"><span class='ocrx_word' id='word_1_163' title='bbox 77 2876 172 2948; x_wconf 68' lang='lat' dir='ltr'>cumi</span> <span class='ocrx_word' id='word_1_164' title='bbox 190 2874 266 2942; x_wconf 73' lang='lat' dir='ltr'>sorte</span> <span class='ocrx_word' id='word_1_165' title='bbox 288 2873 383 2940; x_wconf 76' lang='lat' dir='ltr'>custos</span> <span class='ocrx_word' id='word_1_166' title='bbox 402 2869 493 2936; x_wconf 78' lang='lat' dir='ltr'>sallat.</span> <span class='ocrx_word' id='word_1_167' title='bbox 549 2937 552 2946; x_wconf 62' lang='grc'>,</span> 
     </span>
    </p>
   </div>
   <div class='ocr_carea' id='block_1_3' title="bbox 0 0 984 3588">
    <p class='ocr_par' dir='ltr' id='par_1_4' title="bbox 0 0 984 3588">
     <span class='ocr_line' id='line_1_31' title="bbox 0 0 984 3588; baseline 0 0"><span class='ocrx_word' id='word_1_168' title='bbox 0 0 984 3588; x_wconf 95' lang='lat' dir='ltr'> </span> 
     </span>
    </p>
   </div>
  </div>
 </body>
</html>
