2012 3588
238 373 282 452 5²
336 355 376 424 C.
398 351 578 425 Pururr
603 357 790 428 Nnrun.

227 473 275 534 ‘rio
292 475 406 536 sitienti.
423 473 453 535 A
471 473 542 535 fimo
558 475 677 556 quidem
688 479 773 536 etiam
786 475 920 560 laedipui
991 479 992 516 ³

230 572 319 618 tant:
340 554 572 636 &Assyriorum
594 577 658 638 pars
674 557 787 638 aliqua,
810 561 834 618 si
855 577 919 620 non
991 573 992 630 g

230 638 303 696 rivis
323 635 480 696 misceatur.
502 633 620 698 Genera
636 657 733 698 earum
752 639 858 719 plura:
881 641 918 701 ὃ(
991 687 992 690 ¹

168 767 171 772 .
234 718 329 798 prima
343 715 477 776 fruticem
501 737 561 777 non
582 718 770 778 excedentia:
789 717 919 780 slerilenr
991 717 992 768 l

233 797 428 870 hunc,.aliubi
446 797 479 857 ὃ(
497 796 587 878 ipsum
610 797 757 872 fertilem,
771 799 919 880 brevique

230 898 379 938 ,ramorum
399 876 470 938 orbe
490 875 633 938 foliosum.
664 878 793 940 Tediorii
816 882 919 942 vicem

227 958 281 1018 -hic
304 957 461 1039 parietibus
492 957 636 1040 plerisque
655 961 684 1018 in
707 960 777 1021 locis
802 960 919 1040 prestat

226 1055 336 1100 -contra
350 1038 521 1121 aspergines.
542 1039 755 1100 Procerioribus
768 1041 858 1116 silva,
869 1063 920 1101 arr·

226 1120 306 1182 bore
327 1140 363 1180 ex
381 1121 443 1201 ipss
472 1117 610 1181 foliorum
635 1121 736 1183 aculeo
762 1119 918 1184 fruticante

232 1202 308 1262 circa
326 1217 401 1260 totas
415 1199 600 1281 pediinatim,
622 1222 692 1282 quas
712 1199 855 1262 silvestres
872 1205 919 1263 in·

231 1281 326 1363 telligi
339 1279 450 1342 necesse
475 1280 523 1343 esi.
547 1281 660 1342 Incertd
677 1300 773 1342 tamen
795 1281 917 1346 libidine

228 1364 322 1427 ,etiam
337 1361 499 1423 mitioribus
518 1360 546 1423 se
564 1361 693 1423 miscent.
713 1363 779 1424 Reli
801 1383 845 1424 uae
867 1382 919 1426 te·
988 1371 992 1410 i

233 1460 311 1504 retes
338 1459 424 1526 atquc
450 1463 598 1524 procerae,
617 1443 713 1504 densis
735 1385 918 1528 gradatisque
991 1517 992 1522 η

230 1526 374 1585 corticum
392 1523 560 1605 pollicibus,
571 1541 603 1584 ut
620 1523 758 1598 orbibus,
774 1523 871 1586 faciles
883 1525 916 1590 se
989 1535 992 1572 l

226 1606 269 1668 ‚ad
288 1603 480 1666 scandendum
495 1602 626 1664 Orientis
640 1605 754 1686 populis
764 1607 914 1688 praebent,
988 1619 992 1690 ἦ

231 1687 346 1750 vitilem
366 1686 420 1746 sibi
438 1685 593 1768 arborique
617 1685 722 1760 indutis
751 1687 914 1761 circulum,
989 1700 990 1704 ’

232 1768 306 1828 mirb
314 1769 482 1849 pernicitate
494 1783 556 1826 turn
566 1767 684 1826 bomine
695 1765 842 1828 subeunte.
855 1766 916 1830 Co·
990 1783 992 1834 l

233 1869 282 1910 rna
298 1849 393 1909 omnis
417 1850 447 1908 in
474 1849 638 1920 cacumine,
656 1848 688 1909 δι
706 1866 828 1928 pomum
849 1848 915 1911 estc

232 1949 294 1990 non
312 1932 386 1990 inter
407 1926 475 1990 solia
493 1927 549 1987 hoc
560 1971 570 2000 ,
581 1945 612 1989 ut
623 1929 652 1987 in
662 1931 781 1989 ceteris:
795 1928 846 1990 sed
855 1929 916 1990 suis

231 2014 308 2072 iuter
323 2021 419 2070 ramos
438 2008 600 2090 palmitibus
615 2007 811 2083 racemosum,
832 2012 916 2072 urrais

228 2111 290 2174 que
311 2089 409 2150 naturd
426 2111 492 2150 uvae
508 2106 536 2149 at
558 2109 593 2150 ue
610 2091 702 2171 pomi.
720 2089 801 2150 Folia
811 2090 916 2152 cultra·

229 2189 265 2232 to
287 2190 446 2243 mucrone,
466 2170 548 2230 lateri
570 2191 603 2230 us
630 2173 660 2230 in
684 2169 742 2232 sese
762 2169 888 2232 bifidatis
901 2217 916 2246 ,

231 2251 308 2312 bella
316 2251 440 2330 prinum
452 2249 684 2312 demonstravere
693 2254 822 2334 gemine:
832 2273 914 2314 nunc

230 2333 270 2392 a'd
284 2330 386 2403 funes,
405 2331 587 2414 vitiliumque
610 2334 764 2406 nexus,&
784 2334 914 2414 capitum

229 2414 309 2478 levia
324 2411 489 2473 umbracula
498 2411 653 2474 finduntur.

230 2541 236 2548 .
273 2492 456 2567 Arboribus,
473 2496 564 2553 immo
586 2495 682 2573 potibp
700 2491 833 2555 omnibus
845 2513 912 2575 quae

228 2592 307 2638 terra
327 2577 439 2656 gignat,
461 2573 611 2656 herbisque
630 2577 738 2648 etiam,
755 2591 914 2656 utrumque

230 2655 330 2718 sexum
351 2653 406 2716 esse
428 2654 635 2735 diligentissimi
654 2672 761 2714 naturae
776 2654 910 2718 tradunt:

231 2736 312 2818 quod
330 2737 358 2794 in
379 2734 493 2814 plenum
510 2733 574 2796 satis
595 2737 630 2795 sit
646 2733 741 2796 dixisse
752 2734 809 2794 hoc
823 2736 854 2794 in
864 2736 912 2796 lo·

231 2837 292 2879 σοι
310 2814 393 2876 nullis
420 2831 516 2877 tamen
541 2815 691 2876 arboribus
722 2813 910 2878 manifestius.

232 2895 299 2960 Mas
319 2899 348 2957 in
369 2894 486 2976 palmite
517 2895 618 2968 dotet,
635 2894 743 2982 semina
762 2898 832 2960 citra
850 2897 910 2977 dog·
