1932 3588
224 351 297 430 pro
345 329 385 402 C.
412 327 587 401 Prr'nrr
615 333 683 400 Na
700 341 804 403 rur.

263 449 340 511 Vitis
356 449 511 532 antequam
524 446 676 531 septimum
689 471 793 511 annum
814 473 830 511 a
845 448 895 512 sur·

217 531 290 593 culo
312 530 475 614 compleat,
493 547 614 592 evocata
630 533 667 590 ad
683 530 804 593 srusltrm
824 530 895 612 ejun·

217 611 308 674 cescit
318 654 328 685 ,
338 633 373 673 ac
383 615 512 674 motitur.
524 611 589 672 Nec
601 629 734 672 veterent
747 616 838 695 placet
846 613 896 694 pal·

218 697 324 756 mitem
340 696 371 753 in
386 693 529 777 longum,
551 696 583 755 δι
600 693 640 752 ad
660 709 792 775 quartum
814 691 895 774 usque

220 776 427 858 pedamentum
451 775 558 844 emitti,
573 774 654 855 quod
676 775 722 834 alii
743 776 895 846 dracones,

216 857 270 918 alii
286 853 427 936 juniculos
439 871 563 926 vocant,
579 872 612 914 ut
627 853 732 916 faciant
748 877 812 938 que
834 853 897 915 mas·

221 937 315 998 culeta
337 935 492 1018 appellant.
516 933 595 996 Cum
603 935 732 996 induruit
741 939 895 1016 vitis,pes·

219 1020 328 1078 simum
339 1019 372 1076 in
394 1017 482 1077 vinei
507 1017 666 1076 traducere.
689 1015 807 1096 Quinto
827 1037 895 1076 anno

220 1098 325 1178 &ipsi
366 1098 476 1158 almires
490 1099 710 1178 intorquentur,
725 1098 895 1181 singulasque

217 1197 240 1240 e
264 1119 381 1260 singulis
399 1180 526 1238 materia
541 1182 729 1254 emittuntur,
747 1201 781 1240 ac
799 1178 895 1239 deinde

217 1277 239 1322 e
258 1260 417 1340 proximis,
430 1255 595 1342 prioresque
614 1277 809 1341 amputantur.
823 1259 895 1320 Sent-

218 1359 275 1424 pet
294 1339 444 1400 custodem
457 1341 580 1422 relinqui
594 1341 716 1402 melius:
732 1340 781 1418 sed
797 1343 821 1400 is
834 1361 895 1422 pro·

218 1422 315 1482 trimus
332 1423 387 1482 viti
406 1420 462 1482 esse
484 1421 586 1490 debet,
610 1441 665 1481 nec
686 1422 801 1504 longior
815 1421 895 1502 quint

216 1501 329 1564 diuum
348 1500 406 1562 estt
426 1503 478 1576 dt,
495 1504 519 1562 si
536 1502 742 1563 luxuriaverint
753 1502 893 1584 palmites,
953 1563 954 1568 ,

218 1583 380 1675 intorqueri
392 1605 400 1644 t
411 1599 443 1643 ut
453 1600 576 1666 quatuor
591 1585 722 1643 materias
732 1625 743 1656 ,
752 1583 804 1646 vel
812 1583 892 1655 duas,
953 1621 954 1644 l

217 1667 247 1726 si
263 1667 380 1746 unijuge
397 1667 452 1724 etit
473 1667 576 1740 vinea,
597 1667 723 1726 emittat.

261 1741 291 1806 Si
303 1743 393 1828 perse
405 1746 472 1804 vitis
483 1745 662 1806 ordinabitur
673 1747 735 1806 sine
743 1745 893 1828 pedamen·

216 1840 270 1900 to,
287 1827 496 1909 qualecumque
515 1829 598 1888 initio
611 1827 818 1888 adminiculum
830 1826 892 1887 desi·

217 1907 353 1979 derabir,
372 1907 442 1968 durn
464 1907 535 1968 stare
555 1907 703 1969 condiscat
715 1907 892 1970 &reslasuo
952 1919 953 1930 ¹

216 2009 299 2072 gere.
319 1987 426 2051 Cetera
443 2009 460 2048 a
479 1989 639 2071 primordio
656 1990 768 2050 eadem.
798 1986 891 2050 Dividi

216 2086 317 2130 autem
344 2073 494 2152 putatione
522 2070 643 2152 pollices
661 2071 692 2129 in
711 2071 813 2151 aquali
833 2089 891 2130 era·

217 2152 300 2212 mine
325 2151 472 2231 undique,
493 2171 529 2211 ne
546 2169 708 2233 praegravet
722 2149 825 2211 fruuus
838 2169 890 2231 par

216 2246 251 2291 te
269 2232 378 2312 aliqua,
400 2232 496 2290 obiter
514 2232 594 2292 idem
612 2233 777 2314 deprimens
800 2230 889 2312 probi·
951 2265 952 2282 ÷

217 2311 303 2372 bebit
323 2314 354 2370 in
378 2310 521 2372 excelsum
540 2315 675 2373 emicare.
702 2313 780 2374 Huic
804 2314 888 2374 vinee
951 2315 952 2318 ’

144 2430 147 2436 .
216 2395 307 2453 trium
323 2389 432 2474 pedum
449 2392 574 2455 altitudo
588 2395 733 2455 excelsior
743 2411 820 2455 nutat
830 2414 837 2453 ι
849 2410 888 2452 ce·

217 2475 289 2534 tetis
305 2494 322 2532 a
338 2475 461 2554 quinto,
483 2473 554 2535 dum
575 2495 612 2535 ne
627 2476 751 2536 excedat
776 2473 886 2536 hominis

216 2654 325 2718 guntur
345 2637 374 2696 in
388 2638 481 2710 terri,
497 2637 602 2697 breves
615 2637 650 2696 ad
661 2638 839 2698 innitendum
848 2653 886 2694 ca·

216 2737 290 2776 ‘reas
304 2718 501 2790 circumdant,
523 2716 671 2778 scrobibus
690 2712 743 2802 per
759 2719 885 2779 ambitum

28 2629 32 2636 ἱ
143 2559 145 2562 ’
216 2554 430 2638 longitudinem
447 2553 739 2638 justam.1isqu0que
752 2554 885 2637 quaespar·
950 2587 951 2610 l

214 2794 319 2863 nens..
337 2817 376 2856 ne
392 2799 459 2879 vagi
478 2798 612 2888 palmites
631 2803 708 2859 inter
723 2797 754 2859 se
770 2804 885 2880 pugnent
949 2835 950 2866 i

215 2873 417 2940 occursantes:
434 2897 586 2960 majorque
602 2899 669 2962 pars
686 2897 829 2942 terrarum
851 2877 885 2936 iu
949 2941 950 2956 ,
