1932 3588
182 284 390 356 Hrtro'n.
410 285 485 358 Lib.
506 283 619 358 XVll.
672 307 688 382 3
697 306 741 384 35

61 418 146 466 mant
164 403 193 466 in
209 403 302 466 denos
312 403 414 486 pedes
435 404 588 488 quadratos
603 417 746 474 tr'esnro-¹

62 487 141 546 dios.
165 481 199 544 Id
216 485 335 566 quidem
353 484 406 545 soli
420 503 520 546 natura
535 485 681 556 decernet.

100 563 228 628 XLVII.
239 561 418 628 Columbino
428 587 461 627 ac
473 565 556 627 suillo
568 567 659 650 plagis
678 573 748 650 quo'⁴

63 666 123 729 que
151 646 288 708 arborum
319 646 482 708 medentur.
501 644 531 708 Si
546 648 622 708 mala
639 647 749 710 Punica

62 726 147 788 acida
168 727 333 798 nascantur,
350 727 525 812 ablaqueatis
546 727 688 790 radicibus
712 727 749 790 fi·
870 759 872 768 =
924 743 931 754 ·

64 828 148 869 tuum
164 807 277 870 suillum
292 808 429 870 adhibent
445 831 452 870 r
472 830 509 872 eo
522 829 599 871 anno
613 809 750 872 vinolen-

63 904 112 963 ta,
130 890 269 970 proximo
292 889 385 950 dulcia
403 888 505 952 futura.
528 889 588 950 Alii
600 890 749 953 uriniho·

64 971 151 1030 minis
171 969 245 1052 aqui
263 969 353 1030 mixti
372 971 490 1053 riganda
508 969 625 1032 censent
646 985 749 1054 quate't

65 1071 161 1123 anno,
171 1049 287 1190 sinqulis
297 1071 343 1110 arn
363 1051 456 1113 horis:
467 1068 514 1114 aut
524 1050 751 1134 cacuminaspar·

85 1132 94 1190 i
119 1133 195 1195 vino
230 1129 307 1192 asere
352 1131 433 1193 iluto.
453 1130 483 1192 Si
502 1131 646 1195 findantur
665 1135 695 1194 in
706 1154 752 1193 ar-

65 1151 164 1286 bore,
185 1211 350 1295 pediculum
366 1214 537 1294 intorqueri.
558 1213 633 1275 Ficit
650 1215 751 1296 utique

66 1313 217 1354 amurcam
229 1292 356 1356 adfundi.
373 1291 489 1355 Ceteris
500 1294 650 1357 arboribus
665 1297 749 1377 aegris

67 1372 175 1436 faecem
193 1375 277 1444 vini,
295 1391 344 1436 aut
362 1374 493 1456 lupinum
513 1377 623 1438 circum
640 1377 752 1438 radices

66 1475 171 1516 carum
193 1452 257 1516 seri.
274 1453 360 1539 Aqua
385 1477 503 1538 quoque
520 1456 618 1539 ,lupini
639 1455 753 1522 decocli

69 1533 242 1598 circumfusa
252 1539 350 1618 pontis
368 1537 495 1618 prodest.
506 1537 584 1614 Fici,
599 1539 666 1600 citrn
676 1537 754 1600 Vul·

71 1615 221 1678 canalibus
239 1619 352 1692 tonuit‚
370 1617 483 1682 cadunt.
503 1616 752 1690 Remediumest,'

71 1714 101 1758 ut
122 1698 193 1758 ante
212 1696 315 1779 stipula
338 1698 501 1761 hordeacei
516 1720 591 1760 areae
614 1699 755 1781 stringan-

71 1794 126 1841 tur.
149 1775 429 1862 Cerasospraecoces
442 1779 528 1851 facit,
546 1782 680 1862 cogitque
691 1801 753 1840 nta-

71 1857 217 1925 turescere
236 1861 300 1923 calx
319 1861 436 1923 admota
459 1861 613 1923 radicibus.
641 1859 679 1921 Et
695 1861 774 1940 hoc,

72 1957 193 2015 autem,
213 1942 360 2005 &omnia
377 1963 465 2023 poma
485 1940 630 2002 intervelli
651 1939 755 2004 melius

74 2019 132 2096 est,
151 2039 184 2084 ut
203 2043 267 2104 quae
287 2021 385 2084 relida
401 2025 473 2096 sint,
488 2021 685 2105 grandescant.
750 2055 756 2064 v

120 2101 173 2168 28.
192 2101 337 2186 Quaedam
361 2103 451 2186 poeni
478 2103 686 2176 emendantur,
703 2118 756 2164 aun

76 2182 175 2246 morsu
191 2189 362 2258 excitantur,
373 2201 404 2246 ut
417 2183 685 2268 palmae&lentisti.
695 2183 758 2248 Sal·v

77 2265 117 2325 sis
137 2268 214 2328 enim
230 2268 312 2349 aquis
332 2266 455 2328 aluntur.
470 2265 541 2330 Salis
562 2267 756 2332 vimdccine·

77 2366 144 2418 res,
159 2345 210 2408 sed
231 2348 372 2410 leniorem
384 2392 394 2422 ‚
407 2349 535 2426 habent:¹
547 2349 616 2411 ideo
635 2347 684 2410 fici
702 2347 757 2408 ad·

77 2425 95 2487 l'
111 2446 272 2510 erguutur,
289 2430 429 2511 rurique,
449 2450 486 2489 ne
507 2427 577 2488 liant
604 2428 758 2489 vermino-

77 2447 138 2584 ζ,
154 2529 233 2572 neve
251 2511 360 2572 radices
375 2507 546 2592 putrescant.
563 2505 648 2596 Quin
667 2507 700 2568 δι
710 2508 758 2566 vi-

78 2591 152 2650 tium
173 2591 332 2666 radicibus,
353 2610 458 2671 aquam
473 2586 570 2648 salsam
583 2587 684 2667 jubent
705 2585 758 2646 ad·
856 2632 858 2635 .

79 2667 182 2747 fundi,
193 2675 224 2734 ,ti
240 2675 295 2734 sint
314 2668 470 2733 lacrimosa
489 2693 497 2731 :
518 2669 542 2730 si
563 2669 635 2732 verb
650 2663 759 2728 studius

80 2769 181 2815 earum
199 2753 351 2832 decidant,
373 2753 501 2826 cinerem
521 2767 606 2816 aceto
626 2744 760 2830 conspeq
