1934 3592
84 227 88 248 '
181 271 511 348 umnam.
538 275 638 350 xvi.
687 295 763 372 ης

85 389 166 458 dens.
185 395 224 458 Et
240 396 362 478 mapalia
381 394 430 456 sua
442 394 540 455 Mauri
557 410 676 478 tegunt:
693 416 765 476 pro·-

84 477 219 562 ximique
246 476 393 538 aestimanti
421 477 479 538 hoc
509 475 662 538 videantur
682 475 738 537 elie
752 521 767 548 ,

85 578 141 639 quo
158 562 189 618 in
209 557 345 620 inferiore
355 555 419 618 Nili
431 572 512 637 parte
528 555 735 638 papyrum,us
751 599 764 618 0

121 637 230 700 LXXI.
247 637 305 700 Sed
323 637 469 700 fruteiiosi
493 640 608 720 generis
632 635 695 698 sunt
720 639 766 698 in·

83 735 126 780 ter
144 721 291 802 aquaticas
306 721 339 782 δι
353 719 435 797 tubi,
448 735 534 800 atque
552 717 678 778 sambuci
699 713 765 778 fun.

84 802 144 880 goti
160 801 293 884 generis:
310 801 392 860 aliter
411 816 525 872 tamen,
542 798 628 879 quim
648 797 768 860 feruiar

84 883 192 964 quippe
208 881 271 963 plus
290 881 359 964 ligni
370 881 468 962 utique
487 877 630 942 sambuco.
644 878 688 940 Ex
703 879 766 963 qui.

83 965 171 1046 magis
192 983 328 1023 canoram
350 962 501 1022 buccinam
521 959 678 1044 tubamque
700 980 764 1023 cre·

83 1041 128 1115 ,dit
145 1041 261 1126 pastor,
279 1042 319 1102 ibi
334 1041 484 1115 caesi‚ubi
516 1041 634 1116 allorum
645 1062 767 1104 cantum

85 1119 177 1186 frutex
193 1124 241 1184 ille
263 1144 323 1185 non
343 1121 483 1184 exaudiat.
533 1123 581 1184 ubi
609 1145 690 1186 mora
717 1121 763 1184 fe-

83 1222 167 1267 runt:
190 1205 223 1266 &
239 1203 296 1266 alio
320 1224 425 1287 genere
442 1203 657 1266 similitudinem
671 1201 768 1280 rosan,

85 1287 134 1424 ‹Irui
152 1303 274 1347 vocatur
304 1285 492 1368 cynosbatos.
512 1282 645 1346 Tettium
673 1305 769 1366 genus

79 1421 84 1430 .
100 1365 193 1428 daeum
208 1383 317 1430 uocant
340 1364 437 1428 Graeci
453 1387 470 1426 a
488 1365 565 1426 loco.
577 1364 706 1427 Tenuius
721 1363 768 1428 est

87 1445 171 1527 quium
189 1464 285 1508 cetera
294 1491 307 1522 ,
317 1445 529 1530 minoribusque
547 1445 654 1528 spinis,
666 1445 697 1506 δι
711 1447 764 1506 mi-

88 1528 141 1587 nlrs
162 1527 286 1588 aduncis.
303 1527 371 1588 Flos
388 1525 450 1608 ejus
466 1544 565 1588 contra
580 1527 596 1585 l·
620 1524 769 1610 pitudines

88 1607 202 1682 illinitur
211 1629 248 1672 ex
258 1605 345 1670 melle
360 1609 426 1672 :&i
447 1610 475 1667 ni
485 1605 573 1669 sacro.
613 1604 766 1667 ontrailo-

89 1689 179 1750 machi
199 1710 318 1772 quoque
340 1691 408 1751 vitia
427 1629 532 1749 bibitur
547 1687 673 1770 exaqui.
689 1683 766 1746 Sam·

90 1767 154 1832 buci
175 1769 400 1832 acinosnahent
417 1771 445 1830 ni
481 1789 514 1830 os
539 1786 625 1849 atque
642 1787 767 1849 parvos,

90 1848 213 1914 humoris
226 1851 312 1928 lenti,
327 1848 444 1912 inficicn
467 1870 486 1909 o
503 1847 628 1910 maximi
644 1846 769 1927 capillot

91 1934 134 2012 qui
152 1933 183 1994 δι
201 1935 211 1993 i
234 1934 257 1992 si
278 1931 353 2015 aqui
371 1929 485 1992 decocti
503 1929 687 1990 manduntur·
770 1979 775 1986 .

124 2011 176 2077 LX
221 2011 244 2074 l.
258 2011 306 2096 38.
324 2011 441 2074 Humor
460 2011 493 2072 &
513 2009 612 2070 cortici
631 2009 772 2072 arborum

93 2089 203 2180 cll,qui
212 2093 323 2172 sanguis
339 2112 439 2156 earum
450 2091 573 2172 intelligi
588 2087 691 2160 dehet,
703 2111 769 2152 uon

92 2171 163 2236 idem
180 2174 327 2237 omnibus.
347 2172 422 2236 Ficis
440 2169 641 2234 laileusthuic
661 2170 697 2231 ad
717 2193 766 2233 ca·

91 2251 148 2317 scos
168 2253 333 2338 figurandos
352 2253 468 2336 coaguli
482 2255 535 2317 uis.
553 2249 668 2316 Cerasis
684 2273 769 2336 gum*

92 2339 234 2412 minutus,
250 2337 334 2398 ulmis
356 2333 507 2396 salivosus:
531 2334 625 2396 lentus
648 2345 686 2394 ac·
699 2334 770 2414 pin-

14 2433 15 2438 *
93 2413 149 2498 guii
170 2415 274 2490 malis,
291 2417 397 2480 vitibus
422 2437 454 2474 ac
471 2415 538 2498 pitis
560 2410 693 2494 aquosus.
709 2411 767 2472 Vi-

92 2499 219 2572 vaciora,
235 2499 338 2582 quibus
369 2497 483 2558 lentior.
504 2491 605 2573 Atque
621 2493 651 2552 in
671 2507 772 2553 totum

94 2579 204 2658 corpori
229 2578 386 2654 arborum,
403 2591 435 2635 ut
458 2573 636 2652 reliquorum
656 2574 768 2632 anima-

94 2655 174 2735 lium,
197 2661 294 2732 cutis‚
321 2657 367 2718 san
387 2659 452 2729 uis,
471 2673 563 2725 cato,
592 2652 692 2724 nervi,
716 2671 773 2711 ve·¹

95 2757 157 2813 na,
177 2738 250 2814 offa,
271 2677 420 2810 medulla,
439 2748 573 2816 ptocutc
585 2747 693 2794 cortex.
706 2727 768 2792 Mi·
830 2809 833 2815 Α

93 2836 170 2896 rum:
181 2822 204 2884 is
222 2823 349 2884 mmoro
370 2817 491 2882 medicis
506 2811 621 2878 succum
638 2830 770 2898 quaten·
