1932 3588
195 319 402 395 Ilissos.
427 320 499 395 Lib.
518 321 630 396 XVII.
682 335 755 418 3¹29·

76 448 106 504 'tc
122 439 228 503 mitum
249 444 280 502 in
298 442 419 504 modurn
429 465 437 503 :
448 441 516 502 ideo
530 436 686 518 cumjuxtd
697 442 753 516 sit,

77 525 164 583 averti
179 525 213 586 δι
226 524 384 597 recedere,
399 522 588 605 saporemque
605 523 753 582 inimicum

76 601 179 684 fugere.
197 604 281 666 Hinc
297 603 417 686 sumpsit
439 602 639 683 Androcydes
658 603 754 664 medi-

74 685 162 744 cinam
174 703 280 748 contra
290 685 462 758 ebrietates,
473 684 615 767 raphanus
627 699 660 744 ut
671 704 753 744 man·

73 764 152 824 datur
169 768 354 849 praecipiens.
372 763 446 828 Odit
457 765 489 828 δι
501 765 614 826 caulem
624 809 634 836 ‚
646 766 679 826 δι
688 764 754 828 olus

75 865 174 921 omne,
188 847 256 908 odit
270 849 303 910 &
324 867 374 908 cor
398 848 475 918 lum,
487 848 516 906 ni
526 845 628 928 procul
639 845 752 920 absint,
806 873 809 882 ¹

73 925 151 986 trIstis
173 943 264 1010 atque
276 949 360 1010 aegra.
373 869 489 988 birrum
500 927 635 1009 quidem,
649 927 682 990 δι
691 926 754 987 alu·

73 1023 154 1082 rnen,
170 1014 284 1072 marina
302 1021 375 1091 aqua
392 1008 502 1079 calida,
521 1009 561 1070 &r
574 1007 647 1068 fabae
666 1023 752 1089 puta·

72 1088 163 1159 mina,
182 1089 235 1150 vel
258 1091 340 1163 ervi,
356 1089 456 1150 ultima
470 1109 584 1150 venena
601 1086 674 1148 sunt.

110 1166 285 1250 XXXVIII.
306 1187 355 1250 25'.
373 1166 452 1230 Inter
468 1171 538 1230 vitia
553 1169 691 1231 arborum
709 1165 752 1230 est

74 1245 264 1334 &prodigiis
287 1251 378 1312 locus.
406 1250 571 1310 Invenimus
591 1252 669 1310 enim
688 1251 752 1310 sine

72 1324 252 1393 foliisnatas:
268 1331 408 1392 vitem&
419 1330 528 1392 malum
543 1330 679 1392 Punicam
690 1328 750 1390 stir-

74 1425 108 1485 pe
121 1407 257 1485 studium,
269 1411 380 1486 tuliffe,
394 1432 454 1472 non
474 1410 613 1551 palmite,
634 1427 682 1472 aut
703 1432 752 1470 ra-

74 1489 143 1553 mis:
163 1495 280 1566 vitem,
302 1514 373 1556 uvas
395 1494 456 1553 sine
487 1494 571 1553 ollis:
590 1492 668 1552 oleas
716 1511 752 1556 0.-

74 1589 127 1710 ppe
145 1572 269 1634 antisille
286 1572 354 1634 folia
374 1572 467 1635 baccis
486 1513 751 1634 haerenrrbusdllnt

120 1655 257 1716 miracula
278 1653 403 1716 fortuita.
417 1652 494 1715 Nam
509 1655 541 1716 δι
559 1653 637 1713 oliva
654 1655 684 1712 in
702 1668 752 1714 to·

75 1743 131 1791 turn
151 1733 282 1798 ambusta
304 1736 431 1797 revisit:
451 1735 483 1796 ὃ(
502 1736 531 1793 in
552 1733 668 1795 Rocotid
698 1733 752 1802 dee

75 1810 172 1876 rosea
194 1814 309 1878 locustis
330 1813 401 1876 ficus
420 1817 524 1876 iterum
543 1816 752 1896 germmavere.

76 1887 221 1958 Mutantur
241 1895 407 1960 arbores&
429 1895 546 1968 colore,
565 1893 694 1974 fiuntque
714 1913 752 1954 est

76 1975 158 2056 nigris
178 1977 327 2050 candida,
351 1997 412 2037 non
434 1975 547 2056 semper
567 1973 751 2056 prodigioser

77 2071 116 2118 eae
131 2059 256 2120 maxime
275 2079 340 2141 quae
363 2078 400 2118 ex
417 2053 524 2116 semine
540 2054 709 2125 nascuntur,
720 2069 753 2114 ut

77 2140 196 2218 populus
217 2139 281 2199 alba
296 2142 325 2198 in
347 2141 457 2220 nigrant
483 2138 592 2197 transit.
620 2133 752 2215 Quidam
851 2167 854 2173 ·

80 2215 256 2292 &sorbum,
270 2221 293 2279 si
316 2221 345 2279 in
365 2218 501 2280 calidiora
525 2218 590 2280 loca
615 2219 751 2290 venerit,

78 2291 243 2370 sterilescere
266 2316 375 2381 putant.
395 2299 532 2382 Prodigio
552 2316 650 2360 autem
672 2296 746 2358 fiunt

76 2395 112 2438 ex
129 2382 259 2443 dulcibus
278 2381 382 2442 acerba
401 2403 512 2463 poma,
532 2397 580 2442 aut
603 2380 697 2440 dulcia
714 2397 751 2440 ex

76 2463 202 2538 acerbis,
218 2483 235 2524 e
253 2460 388 2543 caprifico
403 2459 468 2520 fici:
486 2475 533 2519 aut
550 2459 666 2521 contra:
685 2477 752 2538 gra·

78 2541 107 2600 vi
121 2542 256 2617 ostento,
276 2545 343 2602 ebrit
364 2544 393 2600 in
415 2541 559 2600 deteriora
587 2541 755 2612 mutantur,

78 2639 112 2680 ert
126 2624 192 2685 oled
211 2626 241 2685 in
254 2621 435 2695 oleastrum,
452 2639 489 2680 ert
507 2616 627 2678 candidd
647 2617 705 2677 uvi
719 2618 753 2678 ὃ(

76 2698 146 2775 fico,
162 2707 191 2764 in
213 2706 241 2764 ni
263 2724 306 2762 ras
321 2727 328 2764 :
345 2719 394 2762 aut
412 2717 444 2760 ut
464 2699 628 2768 Laodiceae,
647 2695 753 2758 Xeers

76 2783 200 2846 adventu
220 2724 336 2865 pbtano
361 2785 391 2843 in
417 2781 512 2842 oleam
534 2775 661 2840 mutatd:
682 2797 753 2858 qua·

76 2861 146 2930 rbus
171 2864 290 2929 ostentis
310 2861 470 2926 Aristandri
483 2861 559 2944 apud
569 2857 689 2924 Graecos
699 2877 755 2932 ro,-
