1954 3594
256 343 324 442 382
375 347 412 417 c.
438 347 616 418 Pzautr
640 347 832 420 Nam.

254 485 323 526 cum
345 486 354 526 t
373 465 641 549 languescuntque,
664 469 734 528 siin
758 464 871 529 arbusto
890 465 924 529 se·

250 563 344 606 ratur.

291 624 465 686 XXXVIII.
483 625 550 688 Nec
571 630 635 688 ervi
660 627 784 711 operosa
803 650 868 690 cura
884 626 924 690 el.

249 706 318 768 Hoc
334 709 476 789 amplius,
496 707 584 788 quim
602 711 698 780 vicia,
720 728 878 770 runcatur:
898 712 923 772 ἃ

213 835 217 840 .
250 787 344 870 ipsum
363 789 561 849 medicaminis
580 791 644 852 vim
666 791 814 852 obtinens.
842 789 923 870 Quip-

249 889 289 950 pe
301 889 355 950 per
370 889 475 930 ervum
486 871 587 931 divum
602 869 767 952 Augustum
789 887 921 939 curatum,

251 947 380 1044 epistolis
400 952 490 1032 ipsius
510 952 651 1011 memoria
667 949 768 1011 exstat.
785 950 922 1012 Sufficiunt

250 1031 369 1111 singulis
389 1030 481 1091 boum
502 1029 575 1114 jugis
590 1031 682 1091 modii
733 1031 841 1092 inisati.
853 1031 921 1092 Mat·

249 1113 293 1170 tio
303 1109 401 1171 mense
417 1109 508 1172 satum
519 1158 529 1187 ,
540 1115 659 1173 noxium
710 1113 829 1174 ebubus
838 1114 920 1183 aiunt,

249 1193 321 1251 item
343 1209 484 1254 autumno
510 1192 759 1275 gravedinosum:
785 1193 921 1254 innoxium

248 1288 346 1332 autem
365 1271 428 1332 sieri
448 1276 544 1356 primo
561 1294 633 1335 vere
655 1271 757 1334 satum.

292 1351 433 1414 XXXIX.
454 1356 500 1416 16.
524 1353 561 1414 Et
578 1354 752 1426 silicia,lroc
763 1352 822 1428 est,
834 1352 918 1416 fenum
956 1413 957 1438 ¹

251 1431 621 1508 Graecunt,sca'rificatioue
632 1435 821 1509 seritur,nou
829 1438 916 1496 altiore
956 1439 957 1526 l

249 1532 375 1596 quatuor
387 1516 544 1598 digitorum
558 1515 660 1590 sulco,
672 1516 837 1600 quantdque
846 1514 914 1598 pejits
956 1527 957 1604 l

248 1595 402 1667 tradatur,
420 1598 501 1657 tanti>
526 1600 663 1677 provenit
688 1598 801 1658 melius.
821 1597 914 1658 Rarum
956 1607 957 1684 l

248 1675 344 1754 diilu,
363 1674 420 1737 elle
438 1678 545 1760 aliquid
567 1680 614 1758 cui
638 1680 730 1760 prosit
749 1678 913 1762 neglgentia.
956 1689 957 1748 l

139 1783 149 1812 .·
247 1755 283 1818 Id
302 1773 399 1818 autem
421 1760 502 1840 quod
522 1757 633 1833 secale,
654 1780 687 1818 ac
703 1758 814 1842 farrago
827 1754 913 1840 appel·

248 1837 342 1912 latur,
362 1842 456 1900 occari
472 1841 582 1900 tantitru
602 1840 753 1900 desiderat.
956 1867 957 1894 t

289 1919 354 1979 XL.
375 1917 476 1981 Secale
494 1918 614 1981 Taurini
634 1918 685 1980 sub
698 1919 822 2002 Alpibus
839 1919 913 2002 asiatu
956 1923 957 2016 l

247 2017 375 2076 vocant,
394 2001 598 2073 deterrimum,
618 2002 776 2063 &tantum
785 2001 820 2062 ad
831 2017 910 2060 arcen-

246 2080 315 2140 dam
334 2081 463 2143 samem:
482 2081 625 2154 secundi,
640 2079 690 2141 sed
702 2081 800 2164 gracili
809 2079 910 2162 stipuli,

246 2162 360 2242 nigritia
371 2161 464 2234 triste,
474 2161 523 2222 sed
535 2162 666 2244 pondere
677 2157 911 2252 praecipuumnld·
956 2163 957 2198 ³

130 2245 135 2254 '
244 2239 379 2300 miscetur
404 2242 472 2300 huic
491 2241 553 2312 sari
577 2261 609 2303 ut
627 2245 740 2326 uutIget
762 2239 910 2334 amaritudi-
956 2263 957 2272 ³

244 2339 314 2380 nem
334 2317 418 2400 ejus:
438 2322 587 2382 &tamen
606 2326 647 2384 sic
667 2345 787 2408 quoque
801 2328 909 2406 ingrata
956 2331 957 2362 l

245 2403 351 2462 simum
368 2403 463 2462 ventri
489 2400 539 2463 est.
569 2402 704 2466 Nascitur
726 2406 908 2486 qualicunque

243 2482 307 2544 solo
327 2503 394 2544 tunt
412 2486 574 2546 centesimo
594 2484 857 2570 granoripsumqne
865 2499 908 2564 pro

246 2564 388 2626 laetamine
406 2565 457 2627 esi.

283 2645 362 2706 XLIA
378 2646 501 2730 Farrago
514 2667 551 2708 ex
559 2649 747 2709 recrementis
759 2647 908 2727 farrispra·

242 2725 330 2786 densa
349 2725 461 2801 seritur,
474 2730 599 2790 admixti
612 2728 768 2812 aliquando
787 2729 822 2792 ἃ·
834 2723 907 2787 vitii.
956 2739 957 2764 1

220 2854 222 2858 .
242 2804 353 2867 Eadem
368 2810 399 2868 in
415 2808 515 2870 Africi
525 2810 558 2871 fit
567 2830 602 2871 ex
610 2808 734 2872 hordeo.
744 2809 848 2871 Omnia
856 2807 906 2865 ltaec
956 2867 957 2870 ,

241 2886 403 2963 pabularia:
423 2888 656 2972 degeneransque
673 2911 711 2953 ex
731 2886 904 2974 leguminibus
