2012 3588
127 199 160 224 ⁹
258 235 494 309 Hrrron.
518 236 592 312 Lib.
618 237 698 315 XII.
752 259 796 340 ις

103 373 152 422 tur
166 355 203 420 &
220 352 426 438 pseudonardo
435 355 543 429 herbi,
555 357 738 442 quae-ubique
749 379 800 420 na-

102 438 196 501 scitur
214 439 355 500 crassiore
373 454 462 520 atque
482 437 586 500 latiore
603 437 694 513 folio,
708 443 739 504 δι
750 463 802 502 ct»

13 535 21 550 “
106 521 180 584 lore
188 518 324 600 languido
342 521 374 578 in
388 519 543 581 candidum
555 539 706 602 vergente.
722 521 801 584 lrem‘

112 599 166 664 sui
187 600 279 660 radice
305 601 450 682 permixti
473 602 613 682 ponderis
636 602 745 675 causi,
765 605 800 666 δι

111 683 243 764 gummi,
263 681 423 764 spumique
447 685 571 764 argenti,
585 697 634 744 aut
646 680 750 756 stibio,
765 703 800 744 ae

107 783 245 844 cypero,
263 764 406 844 cyperive
424 765 543 836 cortice.
562 761 714 826 Sincerunr
735 765 802 845 qui-

105 843 179 904 dem
199 843 579 924 levitate-deprehenditur,
592 845 625 906 δι
638 847 738 906 colore
749 865 798 905 ru·

103 915 137 988 fo
145 970 159 999 ‚
178 923 339 1006 odorisque
355 923 511 998 suavitate,
530 926 563 986 &
576 923 658 1008 gustu
670 925 801 996 maxime

105 1008 237 1070 siccante
259 1027 315 1078 os,
335 1003 439 1088 sapore
459 1004 596 1085 jucundo.
606 1005 731 1070 Pretium
741 1007 801 1090 spi·

104 1107 150 1152 cae
170 1090 203 1147 in
221 1087 309 1148 libras
322 1104 354 1148 x.
372 1104 402 1148 e.
419 1086 493 1150 Folii
504 1086 627 1150 divisere
637 1109 799 1152 annonanta

103 1169 143 1232 ab
158 1167 352 1250 amplitudine
363 1165 595 1249 hadrosphaerum
607 1187 727 1232 vocatur
735 1191 799 1230 ma-

103 1248 223 1330 joribus
235 1247 331 1321 foliis,
345 1265 378 1309 x.
389 1267 417 1322 u.
427 1247 520 1328 Quod
533 1252 646 1313 minure
657 1249 731 1312 folio
743 1249 800 1324 est,

103 1329 338 1411 mesosphaerunt
364 1330 545 1410 appellatur:
565 1334 670 1394 emitur
688 1348 722 1391 x.
745 1349 800 1396 tx.

102 1411 357 1475 laudatissimum
376 1411 615 1494 microsphaerunt
635 1433 651 1472 e
671 1413 800 1474 minimis

104 1491 234 1556 folium:
244 1493 367 1573 pretium
379 1489 442 1571 ejus
452 1509 484 1553 x.
496 1510 598 1557 axxv.
611 1489 723 1556 Odoris
734 1513 800 1576 gra·

103 1576 150 1636 tia
174 1573 312 1634 omnibus
329 1569 421 1654 major
442 1573 616 1638 recentibus.
630 1573 733 1647 Nardo
745 1597 799 1644 co·

73 1669 77 1678 '
103 1656 156 1718 lor
175 1657 228 1738 qui
243 1656 466 1728 inveteraverit,
488 1658 605 1737 nigriori
627 1656 741 1726 melior.
763 1655 802 1718 In

106 1735 212 1800 nostro
230 1736 302 1797 orbe
320 1735 450 1816 proxime,
473 1734 604 1809 laudatur
624 1733 802 1816 Syriacum,

107 1839 181 1880 mox
194 1815 360 1892 Gallicum,
371 1818 458 1877 tertio
466 1817 534 1878 loco
541 1813 708 1889 Creticum,
718 1817 801 1899 quod

107 1901 197 1982 aliqui
215 1899 327 1980 agrium
343 1915 469 1970 vocant,
481 1898 534 1958 alii
573 1896 629 1972 hu,
642 1896 716 1964 folio
734 1898 799 1959 olu-

109 1980 174 2042 satri
186 2025 195 2055 ,
209 1980 293 2042 caule
306 1979 442 2051 cubitali,
454 1982 557 2061 genitu
586 1995 617 2038 to
625 1981 675 2052 ,in
688 1999 800 2062 purpu-

27 2121 32 2128 .
108 2063 142 2124 ri
160 2061 319 2132 albicante,
331 2059 436 2130 radice·
448 2060 567 2142 obliqui¹
576 2060 753 2146 villosique,
764 2063 799 2129 &

111 2145 242 2205 imitante
265 2145 363 2204 avium
382 2141 483 2223 pedes.
501 2141 800 2212 Baccheus-vocatur

111 2226 234 2286 nardum
253 2221 407 2293 rusticum,
424 2223 461 2284 de
482 2243 541 2306 quo,
567 2223 703 2287 dicemus·
720 2225 798 2283 inter

117 2305 211 2366 liores.
228 2301 303 2368 Sunt
322 2321 418 2366 autern
438 2307 588 2376 earonuria
607 2303 703 2366 herbae
720 2309 799 2384 prar-v

119 2401 164 2446 ter
180 2385 321 2458 indicum.
340 2384 385 2458 Ex
399 2387 447 2456 ,tir
457 2383 609 2449 Gallicum
621 2387 654 2450 &
669 2405 738 2446 curn
748 2405 797 2444 ra-

114 2465 180 2528 dice
200 2468 331 2538 vellitur,
346 2467 529 2550 abluiturque
556 2470 639 2528 vino.
666 2463 799 2526 Siccatur

108 2550 140 2610 in
155 2547 412 2630 umbti‚alligarur
420 2547 557 2610 fasciculis
568 2545 798 2618 inclrarti,nort
917 2563 920 2570 ·

109 2629 235 2693 muldam
257 2630 293 2692 ab
313 2627 413 2692 Indico
433 2626 587 2698 differens,
605 2622 727 2706 Syriaco
751 2641 798 2690 ta·

108 2731 181 2772 rnen
196 2710 301 2782 levius,
319 2710 555 2780 Pretium1xttt1.
576 2705 611 2770 lo
628 2706 674 2780 hio
686 2705 797 2787 proba·

107 2793 153 2864 tio
173 2797 254 2866 una,
272 2808 308 2864 ur
326 2794 383 2866 rior
402 2787 573 2878 trigulo&
585 2788 664 2860 arida.
677 2788 797 2884 petits,
