1932 3588
195 350 266 424 320
317 327 358 396 C.
383 327 569 396 Puram
588 327 774 396 Narra.

232 447 333 509 Unum
346 449 500 508 etiamnum
512 465 603 528 genas
617 443 678 518 est,
695 444 819 505 medium
829 441 869 503 in·

186 547 238 591 ter
254 531 311 590 hoe
324 530 357 591 δι
373 529 578 610 propaginem,
597 543 672 586 totas
691 524 867 606 supplantan-

188 611 224 670 di
242 613 272 670 in
290 626 394 671 terram
417 611 517 682 vites,
543 606 697 688 cuneisque
724 604 864 677 findendi,

192 693 228 754 &
249 695 280 752 in
302 691 396 751 sulcos
416 691 513 771 plures
533 688 616 748 simul
638 707 675 747 ex
694 687 751 748 uni
769 705 865 768 propa·

192 773 297 854 gandi,
318 770 473 853 gracilitate
491 769 665 852 singularum
684 765 797 828 firmari
815 768 864 826 cir·

188 854 354 935 cumligatis
370 849 530 922 hastilibus,
547 869 602 910 nec
621 849 719 909 recisis
736 849 814 929 quia
829 846 863 906 la·

188 934 303 995 teribus
326 948 475 992 excurrant
505 950 570 1010 pam
593 931 657 989 inis.
689 926 861 990 Novaniensis

189 1013 318 1096 agricola
337 1012 486 1074 traducum
508 953 592 1071 turlsi³
614 1030 675 1070 non
700 1025 852 1080 contentus,

191 1113 246 1154 nec
270 1095 355 1174 copii
370 1112 532 1164 ramorum,
551 1091 696 1172 impositis
715 1091 857 1150 etiamnum

187 1168 793 1254 patibulispalmitescircunrvolvit.ltaque
849 1201 860 1216 ·

187 1272 238 1314 ter
256 1251 309 1314 soli
327 1255 417 1328 vitia,
433 1252 544 1314 culturi
579 1271 677 1333 troque
695 1266 777 1312 torua
797 1189 859 1309 ffit

185 1336 271 1396 nina.
291 1334 360 1395 Alia
377 1335 463 1415 eulpa
478 1275 685 1414 juxtaqitrbem
694 1329 861 1400 Varratinis,

187 1414 394 1497 quaealternis
413 1431 550 1498 putantur
569 1415 669 1485 annis,
688 1432 748 1472 non
763 1413 823 1494 quia
834 1410 864 1472 id

191 1497 248 1559 viti
267 1496 430 1566 conducat,
447 1494 497 1556 sed
517 1497 584 1577 quia
604 1494 730 1565 visitate,
748 1492 865 1554 reditum

185 1577 340 1658 impendia
371 1575 547 1658 exsuperant.
572 1573 706 1635 Medium
728 1591 869 1654 tempera·

190 1677 322 1720 mentum
340 1659 370 1717 in
389 1655 545 1718 Carsulano
562 1653 733 1737 sequuntur:
746 1652 869 1716 cariosas·
958 1685 962 1709 t

186 1739 446 1820 querantumviris
477 1733 871 1817 artes,incipientesqueina·

190 1818 303 1879 rescere
323 1758 509 1898 deputasse,
527 1817 632 1878 ceteris
648 1816 685 1876 ad
703 1835 790 1878 uvam
804 1816 871 1876 reli·
964 1883 965 1894 χ

188 1898 259 1975 siis,
276 1899 404 1960 deiratio
428 1905 517 1960 one're
537 1895 731 1978 supervacuo,
749 1907 805 1978 pro
820 1917 873 1958 nu·
964 1895 965 1898 ’

187 1982 331 2042 trimento
351 1981 433 2041 omni
453 1977 495 2040 est
511 1979 606 2038 raritas
616 1978 757 2040 vulneris.
766 1975 872 2038 Sedui‘·

184 2063 338 2202 -pibpipgui
354 2060 428 2122 -solo
445 2059 507 2128 talis
528 2058 637 2121 cultura
662 2059 819 2141 degenerat
840 2061 872 2123 iu
964 2113 965 2150 p

162 2193 164 2199 .
204 2163 219 2202 a
255 2164 274 2201 u
288 2162 361 2203 cam.

185 2220 873 2302 ·1Arbustaarariquimaltissimedesiderantg
964 2259 965 2262 =

185 2304 307 2362 tametsi
328 2301 464 2362 frumenti
478 2303 551 2362 ratio
570 2323 630 2364 non
651 2303 749 2384 exigit.
763 2301 873 2383 Pampi·
893 2333 899 2342 ¹
964 2325 965 2372 r

189 2385 252 2446 nari
276 2402 310 2442 ea
329 2403 388 2442 non
409 2381 451 2442 est
463 2385 577 2450 moris:
598 2383 630 2444 δι
648 2382 705 2444 hot
733 2402 874 2464 compen·

188 2463 273 2524 dium
291 2483 397 2544 operae.
415 2461 600 2544 Deputantur
619 2483 687 2525 cum
711 2464 772 2524 vite
795 2466 873 2544 pari-

189 2561 236 2606 tet
252 2544 420 2606 interlucati
441 2544 580 2605 densitare
590 2563 737 2606 ramorum
751 2546 802 2626 qui
815 2546 874 2608 sint

190 2623 221 2691 su
244 2628 377 2699 ervacui,
397 2627 430 2687 &
450 2621 597 2686 absumant
610 2623 754 2686 alimenta.
773 2623 793 2686 P
839 2645 874 2686 as

190 2647 241 2768 as
247 2704 480 2785 septemtriones,
499 2722 547 2772 aut
567 2704 604 2767 ad
628 2705 781 2769 meridiem
819 2725 875 2788 pe-

193 2785 268 2846 siare
289 2787 451 2852 vetuimus:
468 2787 571 2852 melius
580 2829 591 2858 ,
614 2787 638 2852 si
655 2806 750 2868 neque
770 2787 800 2846 in
818 2807 875 2848 oc·

193 2864 271 2928 casus
284 2863 369 2934 solis.
387 2863 448 2929 Diu
467 2864 567 2930 dolent
584 2866 649 2940 talia
665 2887 782 2952 quoque
793 2866 876 2936 ulte·¹
