1954 3594
215 285 414 358 rinnon
438 285 650 362 irnxvur.
699 293 768 381 '44¹

69 403 136 481 ni,
195 425 250 474 ent
259 405 385 468 Caeciam
399 405 589 468 vocant.‘Sed
609 407 686 469 idem
705 407 773 469 Ari·

72 485 168 547 stote
180 507 229 560 es,
245 489 292 547 vir
310 485 455 546 immensae
474 487 651 562 subtilitatis,
671 491 719 572 qui
740 489 772 550 id

69 567 84 625 i
117 565 185 626 sum
204 566 291 642 fecit,
306 569 449 628 rationem
467 570 658 629 convexitatis
688 590 774 633 anun-

72 587 117 706 di
142 646 251 722 reddit,
268 649 325 729 qua
351 649 508 710 contrarius
535 646 644 730 Aquilo
669 648 774 711 Africo

70 725 151 787 flat.
169 726 234 788 Nec
255 745 351 788 tamen
371 748 438 789 eum
462 746 527 789 toto
546 750 621 790 anno
647 731 677 789 in
696 751 773 811 prae-

70 805 174 868 dietis
192 810 274 869 timet
286 809 421 891 agricola.
437 808 570 870 Mollitur
587 810 680 871 sidere
696 808 781 872 aestai

71 903 115 948 te
140 888 259 961 media,
284 903 431 973 mutatque
458 909 593 963 nornen,
614 891 646 952 δι
667 891 775 952 etesias

69 985 222 1032 vocatur.
243 967 320 1052 Ergo
340 971 406 1030 cum
420 969 556 1053 frigidum
571 969 692 1047 senties,
716 992 773 1033 ca·

72 1065 183 1124 vet03
199 1071 231 1111 ac
250 1070 430 1134 quacumque
455 1052 566 1134 Aquilo
585 1052 773 1133 praedicitur,

72 1130 170 1190 tantb
188 1133 375 1212 perniciosior
390 1129 555 1212 septemtrio
572 1130 624 1193 est.
645 1131 679 1192 ln
690 1132 768 1192 hunc
786 1157 791 1171 ·

74 1207 189 1281 Asiae,
210 1208 349 1282 Graeciae,
361 1210 523 1292 Hispaniae,
541 1213 689 1272 maritimae
710 1210 772 1272 Ita·

73 1289 158 1361 liae,
176 1287 341 1370 Campaniae
351 1333 362 1360 ,
381 1291 496 1372 Apuliae
523 1289 633 1352 arbusta
658 1294 770 1353 vineae·

75 1363 149 1450 quie
169 1366 304 1449 spedtent.
333 1369 398 1450 Qui
418 1390 511 1430 mares
530 1372 643 1451 concipi
664 1373 771 1446 voles,
867 1436 868 1440 ,

75 1449 118 1508 in
139 1448 214 1509 hunc
235 1447 367 1530 pascito,
394 1467 426 1510 ut
449 1451 660 1511 sicineuntern
682 1453 768 1514 ineat.

64 1526 134 1589 Ex
151 1528 274 1590 adverso
293 1529 448 1612 Aquilonis
470 1529 506 1590 ab
524 1530 626 1591 occasu
649 1530 769 1592 bruma-

74 1608 104 1669 E
131 1606 248 1670 Africus
272 1609 367 1682 flabit,
394 1631 481 1692 quem
500 1609 597 1672 Graeci
613 1608 687 1674 Liba
706 1633 766 1674 vo·

77 1706 163 1750 cant.
184 1688 218 1751 In
238 1690 313 1750 hunc
332 1712 348 1750 a
368 1695 446 1752 coitu
467 1691 533 1753 cbtn
557 1691 586 1752 se
604 1711 692 1773 pecus
712 1695 768 1752 cir·

77 1773 264 1853 cumegerit,
280 1769 403 1832 feminas
419 1788 585 1854 ,conceptas
607 1771 662 1834 esse
681 1771 768 1834 scito.

90 1894 92 1896 -
129 1849 228 1913 Tertia
249 1850 485 1933 aseptemtrione
505 1854 598 1926 linea,
616 1872 796 1935 quamper·
888 1850 889 1853 ’
920 1897 924 1910 .

79 1931 267 1992 latitudinem
287 1931 396 1992 umbrae
417 1933 571 2005 duximus,
586 1933 620 1993 &
631 1932 769 1994 decuma·

79 2030 154 2072 narn
171 2012 362 2087 vocavimus,
379 2027 511 2072 exortunr
532 2011 649 2072 habebit
673 2015 766 2094 aequi-

80 2091 240 2152 nodialem
249 2136 261 2168 ,
278 2108 457 2174 ventumque
467 2089 767 2166 Subsoianum,Grae·

79 2173 128 2232 cis
146 2170 306 2255 Apeiioten
326 2170 441 2233 dissum.
463 2171 496 2233 in
512 2173 589 2234 hunc
608 2170 766 2237 salubribus

79 2251 160 2314 locis
179 2253 254 2314 villae
276 2255 428 2334 vineaeque
452 2250 588 2337 spedent.
610 2251 675 2336 Ipse
694 2255 767 2318 leni·

80 2347 132 2394 ter
150 2333 281 2414 pluvius:
304 2351 400 2396 tamen
418 2332 459 2394 est
476 2337 580 2396 siccior
602 2333 768 2409 Favonius,

82 2433 124 2473 ex
143 2413 263 2475 adverso
286 2413 347 2494 ejus
372 2415 409 2474 ab
436 2415 624 2496 aequinosiiali
641 2414 769 2489 occasu„

81 2491 240 2575 Zephyrus
261 2491 373 2554 Graecis
383 2497 554 2554 nominatus.
571 2494 606 2552 ln
616 2493 691 2554 hunc
702 2493 773 2574 spe·
798 2562 801 2568 ,

82 2572 162 2635 flare
186 2575 294 2635 oliveta
304 2571 380 2633 Cato
397 2568 486 2652 jussit.
501 2572 558 2632 Hic
570 2591 623 2632 ret
634 2573 773 2647 inchoat,

78 2656 236 2736 aperitque
254 2669 345 2713 terras
363 2653 443 2711 tenui
460 2649 567 2734 frigore
577 2650 697 2712 saluber.
707 2651 773 2714 Hic

81 2737 163 2796 vites
187 2734 325 2814 putandi,
343 2729 496 2823 frugesque
517 2731 655 2810 curandi,
676 2732 768 2792 arbo'-

81 2812 278 2894 perferendi,
299 2833 387 2896 ponta
415 2812 558 2878 inserendi
567 2855 577 2886 ,
577 2813 677 2955 Toleas
701 2821 758 2874 παὶ

618 2915 640 2956 V
688 2937 690 2946 t
