2012 3588
234 252 458 340 H1snon.
483 267 665 342 tin-xm.
720 291 767 360 49

108 401 162 460 tun,
177 386 278 449 constat
291 389 503 470 myrobalano,
515 385 598 449 costo
607 433 617 462 ,
626 407 766 462 amomo,

111 470 222 530 cinnano
234 491 377 542 comaco,
398 471 604 538 cardamomo,
624 469 703 528 nardi
713 467 768 550 lpi-

114 547 157 619 tl,
170 570 254 622 maro,
266 551 409 630 myndri,
426 550 524 622 casii,
544 547 675 630 styrace,
689 548 769 610 lada-

113 647 159 699 no,
174 629 373 712 opobalsamo,
390 631 519 704 calamo,
540 627 649 709 junco,
667 650 768 690 tenan-

109 707 342 783 rlre,malnbathro
354 757 366 788 ,
383 709 544 782 sericltato,
557 730 671 792 cypro,
683 709 770 792 aspa-i

106 787 187 862 latho,
207 813 335 872 panace,
353 812 457 863 croco,
475 793 600 872 cypito,
614 811 767 866 amaraco,

105 867 173 945 loto,
185 873 284 948 melle,
303 878 388 934 vino.
409 871 547 953 Nihilque
563 869 625 953 ejus
644 875 685 932 rei
704 893 769 932 cau·

103 949 129 1008 si
141 953 166 1012 in
183 951 259 1014 ltalii
284 954 405 1026 vitlrice
435 955 584 1026 omnium,
601 955 631 1012 in
650 951 769 1035 Europi

103 1033 162 1093 verb
177 1035 252 1108 toni,
266 1053 374 1116 prater
393 1034 447 1094 irin
467 1032 633 1113 Illyricam,
655 1035 687 1094 δι
699 1055 768 1094 nar-

102 1110 159 1172 dum
175 1113 343 1187 Gallicum',
362 1115 494 1208 gignitur.
512 1112 588 1174 Nam
602 1116 720 1186 vinum,
732 1115 770 1178 &

102 1190 169 1264 rosa,
190 1196 221 1256 δι
238 1197 332 1277 myrti
348 1194 419 1256 folia
439 1193 617 1276 oleumque,
634 1213 770 1266 commu·⁸

102 1274 140 1332 nia
155 1272 211 1336 fere
232 1279 368 1337 omnium
385 1292 525 1337 terrarum
540 1276 747 1356 intelliguntur.

133 1351 179 1414 Ill.
195 1354 281 1420 Siccis
297 1356 437 1419 odoribus
459 1353 611 1431 constant,
629 1375 693 1438 quae
710 1356 769 1418 clia·

102 1433 211 1513 palmata
229 1453 380 1500 vocantur.
402 1435 479 1498 Nam
499 1435 603 1502 faecem
629 1439 769 1520 unguenti

103 1535 201 1598 magma
216 1519 373 1602 appellant.
394 1517 470 1578 Inter
485 1537 587 1580 omnes
599 1520 768 1599 potentissi-

103 1615 154 1656 mus
165 1599 330 1683 odor‚quis
345 1602 386 1660 uis
396 1599 555 1660 novissime
564 1599 684 1660 additur.
702 1597 768 1658 Un-

105 1695 193 1755 guenta
205 1682 316 1761 optime
325 1621 475 1741 lervantur
486 1680 515 1738 in
528 1675 767 1751 alabastris,0du·

104 1775 141 1818 res
152 1761 178 1828 in
191 1755 275 1825 oleo':
290 1761 373 1843 quod
387 1759 566 1821 diuturnitati
583 1779 685 1820 eorum
702 1775 769 1821 tans

106 1838 131 1895 rb
139 1841 221 1903 utilius
229 1841 269 1904 est
279 1886 289 1916 ,
301 1842 409 1924 quante
421 1841 565 1922 pinguius,
577 1855 608 1899 ut
621 1859 657 1899 ex
666 1860 768 1924 amyg-

108 1916 171 1982 dalis.
190 1921 223 1983 Et
238 1923 299 2006 ipsa
317 1937 462 2006 unguenta
480 1917 621 1982 vetustate
635 1921 771 1986 meliora.'

110 1993 148 2058 Sol
166 2003 291 2066 inimicus
311 2003 379 2064 his:
402 2001 592 2084 quamobrem
609 2002 640 2060 in
663 2001 769 2072 umbri

110 2097 245 2162 coquunnrr
265 2082 411 2167 plumbeis
426 2084 512 2144 vasis.
530 2081 767 2163 Experimenturu

111 2175 189 2225 turum
204 2165 322 2230 inversi
342 2184 430 2224 manu
448 2165 573 2244 capitur,
587 2185 625 2226 ne
641 2164 769 2242 carnosa

115 2245 179 2314 partis
194 2247 273 2308 calor
288 2247 383 2306 viriet.
764 2291 766 2298 .

145 2319 184 2385 lV.
204 2349 229 2410 3.
243 2327 319 2388 Haec
333 2324 374 2386 est
389 2327 504 2386 materia
525 2324 607 2386 luxirs
625 2345 643 2385 e
660 2326 767 2388 cunctis

116 2405 209 2468 maxine
228 2408 408 2489 supervacui.
423 2406 587 2487 Margaritae
597 2408 674 2465 enim
685 2427 769 2488 gem·

112 2498 201 2566 meque
219 2489 259 2549 ad
274 2488 413 2548 heredem
425 2505 522 2546 tamen
535 2482 694 2546 transeunt:
714 2506 770 2546 ve*

110 2557 312 2652 stuprorogant
324 2585 454 2650 ternpus:
471 2579 616 2648 unguenta
626 2563 702 2626 illico
720 2587 770 2630 ex·

110 2637 211 2724 spirant,
228 2673 261 2711 ac
279 2647 334 2710 suis
358 2651 518 2711 moriuntur
542 2645 630 2706 horis.
650 2643 771 2716 Summa

108 2732 305 2792 conmendatio
317 2749 437 2803 eorum,
452 2744 483 2787 ur
493 2725 651 2788 transeunte
661 2725 767 2792 femina

110 2803 170 2869 olor
189 2813 291 2872 invitet
313 2814 400 2872 etiarn
422 2809 497 2884 aliud
525 2825 662 2892 agentes:
682 2829 768 2874 exce·

141 2891 231 2954 Tenus
248 2893 315 2956 111.
603 2885 630 2950 C
