1934 3592
230 324 300 402 194
352 304 841 378 ιῖΡιιΝιιΝΑτυιι.

225 427 331 498 conio,
352 424 385 486 &
406 422 528 486 Achillis
542 419 623 484 haste
641 423 799 485 nobilitata.
813 423 903 484 Mate&
950 411 954 422 ⁵

225 511 281 568 ries
301 503 342 566 est
360 505 396 566 ad
428 505 531 566 lurima
541 504 629 566 utilis.
639 503 680 564 Ea
690 505 829 586 quidem,
842 527 901 586 quae

225 583 260 650 fit
280 589 310 648 in
332 587 384 649 lde
403 529 549 661 smerdis,
566 588 596 646 in
617 603 726 646 tantum
746 585 836 658 cedro
866 585 902 646 si·

226 669 322 742 milis,
347 685 380 728 ut
401 684 529 728 ementes
553 665 652 740 sallat,
672 667 781 727 cortice
801 665 903 727 ablato.

227 745 325 830 Graeci
345 748 404 810 duo
424 769 531 830 genera
547 745 608 828 ejus
630 745 749 808 fecere:
771 745 903 831 longam,

226 830 372 892 enodem:
388 829 509 890 alteram
522 828 664 902 brevem,
678 828 842 903 duriorem,
854 825 904 888 sus·

226 914 338 972 eiorem
361 915 418 984 u'e,
442 911 545 970 laureis
561 907 649 988 soliis.
668 909 832 970 Bumeliam
852 930 903 970 vo-

227 1009 294 1055 cant
310 931 530 1052 induacedonia
550 990 776 1072 amplissimam,
791 991 904 1052 lentissi-

226 1093 373 1156 mamque.
399 1071 460 1132 Alii
479 1073 535 1132 situ
553 1070 685 1134 divisere.
707 1069 781 1132 Cam
805 1069 904 1132 estrem

227 1157 305 1215 enim
329 1149 384 1214 effe
397 1152 714 1235 crispam,montanam
723 1150 763 1233 spi
788 1152 904 1212 amFo·

226 1233 264 1304 Iia
283 1254 382 1294 earum
398 1232 534 1316 jumentis
552 1232 720 1307 mortifera,
739 1237 845 1294 ceteris
854 1254 903 1292 ru-

227 1315 400 1377 minantium
416 1317 561 1390 innocua,
579 1313 677 1377 Graeci
695 1314 863 1396 prodidere.
873 1311 904 1374 ln
953 1383 954 1392 χ

226 1388 326 1470 Italid,
347 1417 401 1456 nec
420 1394 557 1477 jumentis
580 1411 696 1458 nocent.
718 1391 833 1456 Contra
850 1393 904 1456 ser·
953 1417 954 1424 ¹

227 1496 332 1562 pentes
350 1478 423 1540 verb
443 1476 528 1538 succo
549 1474 679 1556 expresso
691 1476 727 1536 ad
745 1477 904 1558 potum‚&
953 1523 954 1528 η

227 1562 365 1640 imposita
374 1558 530 1630 ulceribus,
544 1556 671 1640 opifera,
682 1578 715 1618 ac
729 1557 906 1638 nimiaeque,
953 1629 954 1632 Ἴ

229 1644 420 1721 reperiuntur.
439 1637 591 1720 Tantaque
611 1637 654 1698 est
674 1640 738 1710 vis,
758 1655 839 1699 utne
851 1659 906 1698 ma·
953 1637 954 1702 i

138 1732 141 1735 ’
228 1723 334 1798 tutinas
344 1719 691 1802 quidem‚occidentesve
701 1718 832 1794 umbras,
845 1721 905 1778 cum
953 1757 954 1762 κ

230 1802 292 1868 sunt
315 1802 510 1884 longissima,
522 1799 637 1882 serpens
651 1799 761 1860 arboris
782 1798 847 1942 eppe
857 1799 906 1860 ad-

229 1885 339 1966 tingat,
357 1883 433 1943 adeo
451 1879 541 1963 ipsam
558 1881 662 1962 procul
681 1879 779 1963 fugiat.
826 1901 907 1962 xper-

230 1967 254 2042 ti
273 1964 441 2045 prodimus:
458 1966 483 2023 si
498 1959 602 2024 fronde
623 1963 658 2022 ed
677 1981 812 2044 gyroque
837 1961 908 2022 clau·

231 2045 315 2109 datur
331 2046 407 2127 ignis
427 2043 463 2104 dc
477 2042 613 2126 serpens,
634 2045 664 2102 in
682 2045 764 2123 ignes
789 2044 906 2124 potius,
953 2109 954 2112 Ἴ

232 2125 320 2209 quim
336 2128 367 2187 in
381 2125 525 2186 fraxinum
545 2123 644 2207 sugere
664 2121 838 2204 serpentem.
856 2121 908 2183 Mi·
953 2127 954 2138 ¹

231 2229 264 2268 ra
278 2225 389 2270 naturaev
405 2207 583 2344 hempniram
602 2205 680 2284 prius
693 2203 780 2286 quam
791 2204 834 2264 hae
846 2223 908 2285 pro·

231 2288 333 2360 deant,
351 2288 454 2348 florere
485 2289 632 2358 raxinum,
653 2305 707 2346 nec
726 2301 792 2346 ante
814 2285 907 2347 condi·
953 2305 954 2310 ¹

232 2385 274 2442 tas
292 2368 363 2430 solia
381 2367 535 2430 dimittere.

237 2517 243 2526 ‚
272 2447 369 2510 XXV.
387 2469 432 2524 14.
452 2445 486 2508 In
507 2446 568 2508 tilis
583 2467 644 2508 mas
659 2448 693 2510 dc
707 2445 817 2509 semina
829 2444 908 2508 diffc-
953 2463 954 2496 ὲ

232 2549 299 2594 runt
316 2531 394 2591 omni
405 2529 506 2590 modo.
517 2528 651 2610 Namque
663 2529 696 2591 δι
705 2532 838 2590 materies
847 2548 909 2590 ma-

233 2618 260 2674 ri
278 2613 369 2684 dura,
391 2608 561 2692 rufiorque,
581 2631 613 2671 ac
637 2608 768 2686 nodosa,
785 2612 818 2673 δι
833 2607 909 2670 odo·

233 2697 330 2759 ratior.
347 2689 456 2753 Cortex
477 2711 593 2774 quoque
612 2693 750 2767 crassior,
764 2713 798 2752 ac
813 2691 909 2750 decra-

183 2806 186 2816 ·
234 2771 295 2857 dius
315 2772 493 2833 inflexibilis,
507 2772 572 2833 Nec
590 2770 689 2832 semen
704 2771 779 2847 sert,
800 2789 847 2834 aut
859 2769 909 2830 flo-

233 2873 315 2936 rem,
332 2870 364 2916 ut
379 2853 575 2937 semina,quae
586 2855 708 2918 crassior
717 2854 836 2928 arbore,
846 2871 909 2914 ma·
