<?xml version="1.0" encoding="UTF-8"?>
<!DOCTYPE html PUBLIC "-//W3C//DTD XHTML 1.0 Transitional//EN"
    "http://www.w3.org/TR/xhtml1/DTD/xhtml1-transitional.dtd">
<html xmlns="http://www.w3.org/1999/xhtml" xml:lang="en" lang="en">
 <head>
  <title>
</title>
<meta http-equiv="Content-Type" content="text/html;charset=utf-8" />
  <meta name='ocr-system' content='tesseract 3.04.00' />
  <meta name='ocr-capabilities' content='ocr_page ocr_carea ocr_par ocr_line ocrx_word'/>
</head>
<body>
  <div class='ocr_page' id='page_1' title='image "./caiipliniisecun01brotgoog_0198.png"; bbox 0 0 1934 3592; ppageno 0'>
   <div class='ocr_carea' id='block_1_1' title="bbox 211 329 742 426">
    <p class='ocr_par' dir='ltr' id='par_1_1' title="bbox 211 329 742 426">
     <span class='ocr_line' id='line_1_1' title="bbox 211 329 742 426; baseline 0.004 -24"><span class='ocrx_word' id='word_1_1' title='bbox 211 332 410 404; x_wconf 82' lang='lat' dir='ltr'>H1sron.</span> <span class='ocrx_word' id='word_1_2' title='bbox 425 334 499 405; x_wconf 90' lang='lat' dir='ltr'>Lib.</span> <span class='ocrx_word' id='word_1_3' title='bbox 521 332 619 406; x_wconf 84' lang='lat' dir='ltr'><strong>XVI.</strong></span> <span class='ocrx_word' id='word_1_4' title='bbox 675 329 742 426; x_wconf 80' lang='lat'>189</span> 
     </span>
    </p>
   </div>
   <div class='ocr_carea' id='block_1_2' title="bbox 71 450 746 1019">
    <p class='ocr_par' dir='ltr' id='par_1_2' title="bbox 72 450 745 770">
     <span class='ocr_line' id='line_1_2' title="bbox 75 450 745 534; baseline 0 -22"><span class='ocrx_word' id='word_1_5' title='bbox 75 471 102 512; x_wconf 83' lang='lat' dir='ltr'>ac</span> <span class='ocrx_word' id='word_1_6' title='bbox 117 452 215 514; x_wconf 85' lang='lat' dir='ltr'>lumini</span> <span class='ocrx_word' id='word_1_7' title='bbox 234 451 379 514; x_wconf 86' lang='lat' dir='ltr'>sacrorum</span> <span class='ocrx_word' id='word_1_8' title='bbox 401 455 487 515; x_wconf 86' lang='lat' dir='ltr'>etiarn</span> <span class='ocrx_word' id='word_1_9' title='bbox 498 465 586 534; x_wconf 70' lang='lat' dir='ltr'>grata.</span> <span class='ocrx_word' id='word_1_10' title='bbox 596 450 652 512; x_wconf 74' lang='lat' dir='ltr'>Ha</span> <span class='ocrx_word' id='word_1_11' title='bbox 663 497 673 526; x_wconf 93' lang='lat'>,</span> <span class='ocrx_word' id='word_1_12' title='bbox 684 473 745 514; x_wconf 83' lang='lat' dir='ltr'>ma·</span> 
     </span>
     <span class='ocr_line' id='line_1_3' title="bbox 74 531 744 614; baseline 0 -22"><span class='ocrx_word' id='word_1_13' title='bbox 74 553 114 592; x_wconf 86' lang='lat' dir='ltr'>res</span> <span class='ocrx_word' id='word_1_14' title='bbox 130 533 277 595; x_wconf 81' lang='lat' dir='ltr'>dumtaxat</span> <span class='ocrx_word' id='word_1_15' title='bbox 289 579 299 608; x_wconf 93' lang='lat'>,</span> <span class='ocrx_word' id='word_1_16' title='bbox 311 533 408 596; x_wconf 85' lang='lat' dir='ltr'>fenmr</span> <span class='ocrx_word' id='word_1_17' title='bbox 421 535 454 596; x_wconf 74' lang='grc' dir='ltr'>δι</span> <span class='ocrx_word' id='word_1_18' title='bbox 468 554 551 614; x_wconf 83' lang='lat' dir='ltr'>eam,</span> <span class='ocrx_word' id='word_1_19' title='bbox 568 553 654 614; x_wconf 87' lang='lat' dir='ltr'>quarn</span> <span class='ocrx_word' id='word_1_20' title='bbox 665 531 744 596; x_wconf 75' lang='lat' dir='ltr'>Gra·</span> 
     </span>
     <span class='ocr_line' id='line_1_4' title="bbox 73 612 745 694; baseline 0.003 -22"><span class='ocrx_word' id='word_1_21' title='bbox 73 615 95 672; x_wconf 85' lang='lat' dir='ltr'>si</span> <span class='ocrx_word' id='word_1_22' title='bbox 111 612 196 694; x_wconf 89' lang='lat' dir='ltr'>sycen</span> <span class='ocrx_word' id='word_1_23' title='bbox 217 631 348 689; x_wconf 90' lang='lat' dir='ltr'>vocant,</span> <span class='ocrx_word' id='word_1_24' title='bbox 361 615 461 675; x_wconf 90' lang='lat' dir='ltr'>odoris</span> <span class='ocrx_word' id='word_1_25' title='bbox 500 615 651 676; x_wconf 79' lang='lat' dir='ltr'>rarissimi.</span> <span class='ocrx_word' id='word_1_26' title='bbox 671 613 745 676; x_wconf 79' lang='lat' dir='ltr'>lari·</span> 
     </span>
     <span class='ocr_line' id='line_1_5' title="bbox 72 635 524 770; baseline 0.004 -16"><span class='ocrx_word' id='word_1_27' title='bbox 72 696 107 754; x_wconf 85' lang='lat' dir='ltr'>cis</span> <span class='ocrx_word' id='word_1_28' title='bbox 123 695 238 756; x_wconf 88' lang='lat' dir='ltr'>morbus</span> <span class='ocrx_word' id='word_1_29' title='bbox 255 694 317 770; x_wconf 87' lang='lat' dir='ltr'>est,</span> <span class='ocrx_word' id='word_1_30' title='bbox 333 712 364 755; x_wconf 91' lang='lat' dir='ltr'>ut</span> <span class='ocrx_word' id='word_1_31' title='bbox 380 695 446 756; x_wconf 87' lang='lat' dir='ltr'>teda</span> <span class='ocrx_word' id='word_1_32' title='bbox 465 635 524 756; x_wconf 68' lang='lat' dir='ltr'>figat.</span> 
     </span>
    </p>

    <p class='ocr_par' dir='ltr' id='par_1_3' title="bbox 71 768 746 1019">
     <span class='ocr_line' id='line_1_6' title="bbox 105 768 746 858; baseline -0.005 -23"><span class='ocrx_word' id='word_1_33' title='bbox 105 772 210 837; x_wconf 88' lang='lat' dir='ltr'>Omnia</span> <span class='ocrx_word' id='word_1_34' title='bbox 220 793 323 838; x_wconf 86' lang='lat' dir='ltr'>autem</span> <span class='ocrx_word' id='word_1_35' title='bbox 333 777 394 836; x_wconf 83' lang='lat' dir='ltr'>haec</span> <span class='ocrx_word' id='word_1_36' title='bbox 405 796 508 858; x_wconf 87' lang='lat' dir='ltr'>genera</span> <span class='ocrx_word' id='word_1_37' title='bbox 524 771 660 845; x_wconf 88' lang='lat' dir='ltr'>accensa,</span> <span class='ocrx_word' id='word_1_38' title='bbox 682 768 746 832; x_wconf 83' lang='lat' dir='ltr'>fuli-</span> 
     </span>
     <span class='ocr_line' id='line_1_7' title="bbox 71 854 746 994; baseline -0.001 -81"><span class='ocrx_word' id='word_1_39' title='bbox 71 855 129 994; x_wconf 73' lang='lat' dir='ltr'>p&#39;ne</span> <span class='ocrx_word' id='word_1_40' title='bbox 152 855 316 918; x_wconf 66' lang='lat' dir='ltr'>immodici</span> <span class='ocrx_word' id='word_1_41' title='bbox 344 857 520 931; x_wconf 83' lang='lat' dir='ltr'>carbonem,</span> <span class='ocrx_word' id='word_1_42' title='bbox 541 854 662 938; x_wconf 72' lang='lat' dir='ltr'>repenti</span> <span class='ocrx_word' id='word_1_43' title='bbox 693 871 746 912; x_wconf 85' lang='lat' dir='ltr'>ex·</span> 
     </span>
     <span class='ocr_line' id='line_1_8' title="bbox 81 934 745 1019; baseline -0.006 -22"><span class='ocrx_word' id='word_1_44' title='bbox 81 954 250 1015; x_wconf 75' lang='lat' dir='ltr'>pumiceum</span> <span class='ocrx_word' id='word_1_45' title='bbox 274 939 435 1019; x_wconf 86' lang='lat' dir='ltr'>eruptionis</span> <span class='ocrx_word' id='word_1_46' title='bbox 450 939 579 1019; x_wconf 79' lang='lat' dir='ltr'>crepitu,</span> <span class='ocrx_word' id='word_1_47' title='bbox 600 934 745 1014; x_wconf 82' lang='lat' dir='ltr'>ejaculan-</span> 
     </span>
    </p>
   </div>
   <div class='ocr_carea' id='block_1_3' title="bbox 71 1017 855 1101">
    <p class='ocr_par' dir='ltr' id='par_1_4' title="bbox 71 1017 855 1101">
     <span class='ocr_line' id='line_1_9' title="bbox 71 1017 855 1101; baseline -0.01 -20"><span class='ocrx_word' id='word_1_48' title='bbox 71 1029 162 1097; x_wconf 76' lang='lat' dir='ltr'>mrque</span> <span class='ocrx_word' id='word_1_49' title='bbox 177 1018 286 1101; x_wconf 70' lang='lat' dir='ltr'>longi:</span> <span class='ocrx_word' id='word_1_50' title='bbox 307 1019 429 1101; x_wconf 69' lang='lat' dir='ltr'>excepti</span> <span class='ocrx_word' id='word_1_51' title='bbox 440 1017 546 1090; x_wconf 87' lang='lat' dir='ltr'>larice,</span> <span class='ocrx_word' id='word_1_52' title='bbox 564 1038 628 1100; x_wconf 74' lang='lat' dir='ltr'>qua</span> <span class='ocrx_word' id='word_1_53' title='bbox 640 1035 747 1078; x_wconf 85' lang='lat' dir='ltr'>necar-</span> <span class='ocrx_word' id='word_1_54' title='bbox 852 1033 855 1040; x_wconf 90' lang='lat'>·</span> 
     </span>
    </p>
   </div>
   <div class='ocr_carea' id='block_1_4' title="bbox 71 1095 747 1342">
    <p class='ocr_par' dir='ltr' id='par_1_5' title="bbox 71 1095 747 1342">
     <span class='ocr_line' id='line_1_10' title="bbox 72 1095 745 1170; baseline 0.003 -16"><span class='ocrx_word' id='word_1_55' title='bbox 72 1095 131 1169; x_wconf 82' lang='lat' dir='ltr'>det,</span> <span class='ocrx_word' id='word_1_56' title='bbox 148 1119 202 1160; x_wconf 89' lang='lat' dir='ltr'>nec</span> <span class='ocrx_word' id='word_1_57' title='bbox 225 1101 387 1160; x_wconf 81' lang='lat' dir='ltr'>carbonem</span> <span class='ocrx_word' id='word_1_58' title='bbox 406 1097 489 1170; x_wconf 89' lang='lat' dir='ltr'>facit,</span> <span class='ocrx_word' id='word_1_59' title='bbox 507 1118 561 1159; x_wconf 86' lang='lat' dir='ltr'>nec</span> <span class='ocrx_word' id='word_1_60' title='bbox 578 1097 635 1159; x_wconf 85' lang='lat' dir='ltr'>alio</span> <span class='ocrx_word' id='word_1_61' title='bbox 651 1097 745 1156; x_wconf 88' lang='lat' dir='ltr'>modo</span> 
     </span>
     <span class='ocr_line' id='line_1_11' title="bbox 71 1175 746 1320; baseline 0.006 -86"><span class='ocrx_word' id='word_1_62' title='bbox 71 1176 135 1270; x_wconf 88' lang='lat' dir='ltr'>ignis</span> <span class='ocrx_word' id='word_1_63' title='bbox 154 1183 185 1266; x_wconf 69' lang='lat' dir='ltr'>yi</span> <span class='ocrx_word' id='word_1_64' title='bbox 208 1179 409 1276; x_wconf 78' lang='lat' dir='ltr'>consumitur,</span> <span class='ocrx_word' id='word_1_65' title='bbox 423 1179 510 1262; x_wconf 72' lang='lat' dir='ltr'>quarn</span> <span class='ocrx_word' id='word_1_66' title='bbox 530 1178 649 1320; x_wconf 67' lang='lat' dir='ltr'>lppides.</span> <span class='ocrx_word' id='word_1_67' title='bbox 662 1175 746 1273; x_wconf 62' lang='lat' dir='ltr'>Om-</span> 
     </span>
     <span class='ocr_line' id='line_1_12' title="bbox 71 1257 747 1342; baseline 0.004 -27"><span class='ocrx_word' id='word_1_68' title='bbox 71 1275 112 1318; x_wconf 80' lang='lat' dir='ltr'>nra</span> <span class='ocrx_word' id='word_1_69' title='bbox 126 1279 161 1320; x_wconf 82' lang='lat' dir='ltr'>ea</span> <span class='ocrx_word' id='word_1_70' title='bbox 181 1282 221 1342; x_wconf 91' lang='lat' dir='ltr'>pe</span> <span class='ocrx_word' id='word_1_71' title='bbox 259 1262 331 1322; x_wconf 82' lang='lat' dir='ltr'>etub</span> <span class='ocrx_word' id='word_1_72' title='bbox 350 1278 462 1334; x_wconf 76' lang='lat' dir='ltr'>ruent,</span> <span class='ocrx_word' id='word_1_73' title='bbox 479 1280 535 1322; x_wconf 88' lang='lat' dir='ltr'>nec</span> <span class='ocrx_word' id='word_1_74' title='bbox 558 1259 628 1320; x_wconf 74' lang='lat' dir='ltr'>acrle</span> <span class='ocrx_word' id='word_1_75' title='bbox 641 1257 747 1319; x_wconf 79' lang='lat' dir='ltr'>discer-</span> 
     </span>
    </p>
   </div>
   <div class='ocr_carea' id='block_1_5' title="bbox 73 1342 867 1438">
    <p class='ocr_par' dir='ltr' id='par_1_6' title="bbox 73 1342 867 1438">
     <span class='ocr_line' id='line_1_13' title="bbox 73 1342 867 1438; baseline 0.009 -42"><span class='ocrx_word' id='word_1_76' title='bbox 73 1355 167 1400; x_wconf 76' lang='lat' dir='ltr'>nuntur</span> <span class='ocrx_word' id='word_1_77' title='bbox 181 1343 214 1402; x_wconf 88' lang='lat' dir='ltr'>in</span> <span class='ocrx_word' id='word_1_78' title='bbox 259 1342 361 1417; x_wconf 89' lang='lat' dir='ltr'>onde,</span> <span class='ocrx_word' id='word_1_79' title='bbox 387 1342 474 1402; x_wconf 86' lang='lat' dir='ltr'>etiarn</span> <span class='ocrx_word' id='word_1_80' title='bbox 491 1364 507 1401; x_wconf 93' lang='lat' dir='ltr'>a</span> <span class='ocrx_word' id='word_1_81' title='bbox 526 1342 647 1438; x_wconf 89' lang='lat' dir='ltr'>peritis:</span> <span class='ocrx_word' id='word_1_82' title='bbox 668 1355 747 1402; x_wconf 83' lang='lat' dir='ltr'>tanta</span> <span class='ocrx_word' id='word_1_83' title='bbox 865 1365 867 1374; x_wconf 70' lang='grc'>’</span> 
     </span>
    </p>
   </div>
   <div class='ocr_carea' id='block_1_6' title="bbox 73 1419 753 2632">
    <p class='ocr_par' dir='ltr' id='par_1_7' title="bbox 73 1419 749 2149">
     <span class='ocr_line' id='line_1_14' title="bbox 73 1419 748 1502; baseline 0.004 -26"><span class='ocrx_word' id='word_1_84' title='bbox 73 1421 199 1483; x_wconf 87' lang='lat' dir='ltr'>natalium</span> <span class='ocrx_word' id='word_1_85' title='bbox 217 1426 347 1484; x_wconf 81' lang='lat' dir='ltr'>mixtura</span> <span class='ocrx_word' id='word_1_86' title='bbox 363 1421 413 1483; x_wconf 90' lang='lat' dir='ltr'>est.</span> <span class='ocrx_word' id='word_1_87' title='bbox 430 1420 489 1484; x_wconf 85' lang='lat' dir='ltr'>Sed</span> <span class='ocrx_word' id='word_1_88' title='bbox 507 1441 590 1502; x_wconf 78' lang='lat' dir='ltr'>picea</span> <span class='ocrx_word' id='word_1_89' title='bbox 601 1421 694 1480; x_wconf 83' lang='lat' dir='ltr'>minbs</span> <span class='ocrx_word' id='word_1_90' title='bbox 706 1419 748 1480; x_wconf 84' lang='lat' dir='ltr'>al·</span> 
     </span>
     <span class='ocr_line' id='line_1_15' title="bbox 73 1501 747 1582; baseline 0.003 -24"><span class='ocrx_word' id='word_1_91' title='bbox 73 1501 189 1582; x_wconf 74' lang='lat' dir='ltr'>taqubm</span> <span class='ocrx_word' id='word_1_92' title='bbox 204 1503 290 1566; x_wconf 79' lang='lat' dir='ltr'>larix.</span> <span class='ocrx_word' id='word_1_93' title='bbox 301 1503 353 1564; x_wconf 89' lang='lat' dir='ltr'>llla</span> <span class='ocrx_word' id='word_1_94' title='bbox 361 1505 502 1576; x_wconf 86' lang='lat' dir='ltr'>crassior,</span> <span class='ocrx_word' id='word_1_95' title='bbox 516 1502 610 1563; x_wconf 87' lang='lat' dir='ltr'>levior</span> <span class='ocrx_word' id='word_1_96' title='bbox 631 1518 667 1560; x_wconf 91' lang='lat' dir='ltr'>ue</span> <span class='ocrx_word' id='word_1_97' title='bbox 680 1521 747 1561; x_wconf 90' lang='lat' dir='ltr'>cor·</span> 
     </span>
     <span class='ocr_line' id='line_1_16' title="bbox 74 1523 744 1666; baseline 0.003 -28"><span class='ocrx_word' id='word_1_98' title='bbox 74 1581 141 1654; x_wconf 88' lang='lat' dir='ltr'>tice,</span> <span class='ocrx_word' id='word_1_99' title='bbox 152 1582 225 1645; x_wconf 88' lang='lat' dir='ltr'>folio</span> <span class='ocrx_word' id='word_1_100' title='bbox 242 1584 398 1659; x_wconf 85' lang='lat' dir='ltr'>villosior,</span> <span class='ocrx_word' id='word_1_101' title='bbox 408 1585 556 1666; x_wconf 82' lang='lat' dir='ltr'><strong>pinguior,</strong></span> <span class='ocrx_word' id='word_1_102' title='bbox 569 1583 602 1646; x_wconf 78' lang='grc' dir='ltr'>δι</span> <span class='ocrx_word' id='word_1_103' title='bbox 611 1523 744 1655; x_wconf 77' lang='lat' dir='ltr'>densior,</span> 
     </span>
     <span class='ocr_line' id='line_1_17' title="bbox 74 1662 748 1747; baseline 0.003 -28"><span class='ocrx_word' id='word_1_104' title='bbox 74 1662 239 1747; x_wconf 84' lang='lat' dir='ltr'>molliorque</span> <span class='ocrx_word' id='word_1_105' title='bbox 257 1666 345 1727; x_wconf 85' lang='lat' dir='ltr'>flexu.</span> <span class='ocrx_word' id='word_1_106' title='bbox 360 1663 402 1725; x_wconf 85' lang='lat' dir='ltr'>At</span> <span class='ocrx_word' id='word_1_107' title='bbox 413 1668 502 1746; x_wconf 81' lang='lat' dir='ltr'>piceae</span> <span class='ocrx_word' id='word_1_108' title='bbox 519 1665 627 1724; x_wconf 85' lang='lat' dir='ltr'>rariora</span> <span class='ocrx_word' id='word_1_109' title='bbox 644 1664 748 1723; x_wconf 87' lang='lat' dir='ltr'>siccio-</span> 
     </span>
     <span class='ocr_line' id='line_1_18' title="bbox 77 1744 749 1826; baseline -0.006 -20"><span class='ocrx_word' id='word_1_110' title='bbox 77 1759 155 1824; x_wconf 77' lang='lat' dir='ltr'>nque</span> <span class='ocrx_word' id='word_1_111' title='bbox 175 1745 267 1820; x_wconf 81' lang='lat' dir='ltr'>lolia,</span> <span class='ocrx_word' id='word_1_112' title='bbox 285 1748 318 1810; x_wconf 91' lang='lat'>&amp;</span> <span class='ocrx_word' id='word_1_113' title='bbox 335 1748 484 1818; x_wconf 81' lang='lat' dir='ltr'>tenuiora,</span> <span class='ocrx_word' id='word_1_114' title='bbox 507 1766 541 1805; x_wconf 86' lang='lat' dir='ltr'>ac</span> <span class='ocrx_word' id='word_1_115' title='bbox 554 1747 644 1826; x_wconf 89' lang='lat' dir='ltr'>magis</span> <span class='ocrx_word' id='word_1_116' title='bbox 654 1744 749 1826; x_wconf 86' lang='lat' dir='ltr'>algen·</span> 
     </span>
     <span class='ocr_line' id='line_1_19' title="bbox 76 1821 749 1912; baseline -0.004 -27"><span class='ocrx_word' id='word_1_117' title='bbox 76 1821 111 1881; x_wconf 79' lang='lat' dir='ltr'>tia</span> <span class='ocrx_word' id='word_1_118' title='bbox 126 1845 133 1884; x_wconf 76' lang='grc' dir='ltr'>ι</span> <span class='ocrx_word' id='word_1_119' title='bbox 154 1842 277 1912; x_wconf 86' lang='lat' dir='ltr'>totaque</span> <span class='ocrx_word' id='word_1_120' title='bbox 290 1825 435 1888; x_wconf 85' lang='lat' dir='ltr'>horridior</span> <span class='ocrx_word' id='word_1_121' title='bbox 452 1825 513 1899; x_wconf 87' lang='lat' dir='ltr'>est,</span> <span class='ocrx_word' id='word_1_122' title='bbox 533 1826 565 1886; x_wconf 87' lang='lat'>&amp;</span> <span class='ocrx_word' id='word_1_123' title='bbox 577 1822 690 1906; x_wconf 84' lang='lat' dir='ltr'>perfusa</span> <span class='ocrx_word' id='word_1_124' title='bbox 702 1843 749 1883; x_wconf 88' lang='lat' dir='ltr'>re·</span> 
     </span>
     <span class='ocr_line' id='line_1_20' title="bbox 79 1903 749 1992; baseline 0.006 -33"><span class='ocrx_word' id='word_1_125' title='bbox 79 1903 140 1964; x_wconf 61' lang='lat' dir='ltr'>sini„</span> <span class='ocrx_word' id='word_1_126' title='bbox 157 1906 284 1992; x_wconf 84' lang='lat' dir='ltr'>Lignum</span> <span class='ocrx_word' id='word_1_127' title='bbox 294 1908 382 1968; x_wconf 86' lang='lat' dir='ltr'>abieti</span> <span class='ocrx_word' id='word_1_128' title='bbox 392 1907 520 1968; x_wconf 87' lang='lat' dir='ltr'>similius.</span> <span class='ocrx_word' id='word_1_129' title='bbox 538 1904 620 1966; x_wconf 80' lang='lat' dir='ltr'>Larix</span> <span class='ocrx_word' id='word_1_130' title='bbox 631 1903 698 1964; x_wconf 87' lang='lat' dir='ltr'>ustis</span> <span class='ocrx_word' id='word_1_131' title='bbox 708 1925 749 1964; x_wconf 83' lang='lat' dir='ltr'>ra·</span> 
     </span>
     <span class='ocr_line' id='line_1_21' title="bbox 78 1981 749 2068; baseline 0.006 -26"><span class='ocrx_word' id='word_1_132' title='bbox 78 1981 177 2048; x_wconf 84' lang='lat' dir='ltr'>ditibus</span> <span class='ocrx_word' id='word_1_133' title='bbox 199 2009 264 2050; x_wconf 90' lang='lat' dir='ltr'>non</span> <span class='ocrx_word' id='word_1_134' title='bbox 281 1988 456 2068; x_wconf 85' lang='lat' dir='ltr'>repullulat,</span> <span class='ocrx_word' id='word_1_135' title='bbox 472 2004 504 2047; x_wconf 92' lang='lat' dir='ltr'>ur</span> <span class='ocrx_word' id='word_1_136' title='bbox 514 1988 549 2046; x_wconf 69' lang='lat' dir='ltr'>»in</span> <span class='ocrx_word' id='word_1_137' title='bbox 563 1985 659 2048; x_wconf 89' lang='lat' dir='ltr'>Lesbo</span> <span class='ocrx_word' id='word_1_138' title='bbox 676 1987 749 2047; x_wconf 87' lang='lat' dir='ltr'>acci·</span> 
     </span>
     <span class='ocr_line' id='line_1_22' title="bbox 79 2061 577 2149; baseline 0.016 -27"><span class='ocrx_word' id='word_1_139' title='bbox 79 2061 132 2140; x_wconf 85' lang='lat' dir='ltr'>dit,</span> <span class='ocrx_word' id='word_1_140' title='bbox 145 2068 270 2132; x_wconf 90' lang='lat' dir='ltr'>incenso</span> <span class='ocrx_word' id='word_1_141' title='bbox 289 2088 412 2130; x_wconf 86' lang='lat' dir='ltr'>nemore</span> <span class='ocrx_word' id='word_1_142' title='bbox 427 2067 577 2149; x_wconf 86' lang='lat' dir='ltr'>Pyrrhaeo.</span> 
     </span>
    </p>

    <p class='ocr_par' dir='ltr' id='par_1_8' title="bbox 80 2145 753 2632">
     <span class='ocr_line' id='line_1_23' title="bbox 114 2145 748 2232; baseline 0.006 -25"><span class='ocrx_word' id='word_1_143' title='bbox 114 2146 177 2210; x_wconf 86' lang='lat' dir='ltr'>Alia</span> <span class='ocrx_word' id='word_1_144' title='bbox 194 2154 355 2214; x_wconf 83' lang='lat' dir='ltr'>etiamnum</span> <span class='ocrx_word' id='word_1_145' title='bbox 374 2150 527 2232; x_wconf 86' lang='lat' dir='ltr'>generibus</span> <span class='ocrx_word' id='word_1_146' title='bbox 547 2150 616 2230; x_wconf 90' lang='lat' dir='ltr'>ipsis</span> <span class='ocrx_word' id='word_1_147' title='bbox 632 2150 661 2209; x_wconf 90' lang='lat' dir='ltr'>in</span> <span class='ocrx_word' id='word_1_148' title='bbox 680 2145 748 2211; x_wconf 83' lang='lat' dir='ltr'>sexu</span> 
     </span>
     <span class='ocr_line' id='line_1_24' title="bbox 80 2223 749 2294; baseline 0 -5"><span class='ocrx_word' id='word_1_149' title='bbox 80 2223 238 2293; x_wconf 79' lang='lat' dir='ltr'>differentia.</span> <span class='ocrx_word' id='word_1_150' title='bbox 257 2230 324 2294; x_wconf 85' lang='lat' dir='ltr'>Mas</span> <span class='ocrx_word' id='word_1_151' title='bbox 341 2230 461 2292; x_wconf 87' lang='lat' dir='ltr'>brevior</span> <span class='ocrx_word' id='word_1_152' title='bbox 483 2231 516 2290; x_wconf 91' lang='lat'>&amp;</span> <span class='ocrx_word' id='word_1_153' title='bbox 536 2227 749 2292; x_wconf 78' lang='lat' dir='ltr'>duriorzfemi-</span> 
     </span>
     <span class='ocr_line' id='line_1_25' title="bbox 80 2307 749 2401; baseline -0.001 -30"><span class='ocrx_word' id='word_1_154' title='bbox 80 2324 112 2401; x_wconf 61' lang='lat'>1¹3</span> <span class='ocrx_word' id='word_1_155' title='bbox 124 2315 288 2390; x_wconf 82' lang='lat' dir='ltr'>procerior,</span> <span class='ocrx_word' id='word_1_156' title='bbox 300 2312 496 2395; x_wconf 82' lang='lat' dir='ltr'>pinguioribus</span> <span class='ocrx_word' id='word_1_157' title='bbox 505 2307 582 2372; x_wconf 82' lang='lat' dir='ltr'>foliis</span> <span class='ocrx_word' id='word_1_158' title='bbox 596 2313 629 2374; x_wconf 77' lang='grc' dir='ltr'>δι</span> <span class='ocrx_word' id='word_1_159' title='bbox 640 2311 749 2392; x_wconf 87' lang='lat' dir='ltr'>simpli·</span> 
     </span>
     <span class='ocr_line' id='line_1_26' title="bbox 82 2386 751 2477; baseline -0.001 -27"><span class='ocrx_word' id='word_1_160' title='bbox 82 2386 151 2452; x_wconf 74' lang='lat' dir='ltr'>obus</span> <span class='ocrx_word' id='word_1_161' title='bbox 170 2413 258 2477; x_wconf 90' lang='lat' dir='ltr'>atque</span> <span class='ocrx_word' id='word_1_162' title='bbox 276 2413 337 2456; x_wconf 91' lang='lat' dir='ltr'>non</span> <span class='ocrx_word' id='word_1_163' title='bbox 354 2394 520 2475; x_wconf 80' lang='lat' dir='ltr'>rigentibus.</span> <span class='ocrx_word' id='word_1_164' title='bbox 541 2391 664 2472; x_wconf 86' lang='lat' dir='ltr'>Lignum</span> <span class='ocrx_word' id='word_1_165' title='bbox 686 2411 751 2450; x_wconf 86' lang='lat' dir='ltr'>rna-</span> 
     </span>
     <span class='ocr_line' id='line_1_27' title="bbox 81 2467 752 2550; baseline -0.019 -11"><span class='ocrx_word' id='word_1_166' title='bbox 81 2467 148 2532; x_wconf 62' lang='lat' dir='ltr'>tlbus</span> <span class='ocrx_word' id='word_1_167' title='bbox 163 2475 289 2549; x_wconf 87' lang='lat' dir='ltr'>durum,</span> <span class='ocrx_word' id='word_1_168' title='bbox 308 2475 386 2536; x_wconf 87' lang='lat' dir='ltr'>&amp;in</span> <span class='ocrx_word' id='word_1_169' title='bbox 407 2473 501 2532; x_wconf 85' lang='lat' dir='ltr'>fabrili</span> <span class='ocrx_word' id='word_1_170' title='bbox 520 2491 610 2550; x_wconf 91' lang='lat' dir='ltr'>opere</span> <span class='ocrx_word' id='word_1_171' title='bbox 631 2485 752 2530; x_wconf 89' lang='lat' dir='ltr'>contor-</span> 
     </span>
     <span class='ocr_line' id='line_1_28' title="bbox 83 2548 753 2632; baseline -0.006 -20"><span class='ocrx_word' id='word_1_172' title='bbox 83 2561 156 2615; x_wconf 74' lang='lat' dir='ltr'>lunrr</span> <span class='ocrx_word' id='word_1_173' title='bbox 178 2557 295 2618; x_wconf 81' lang='lat' dir='ltr'>seminar</span> <span class='ocrx_word' id='word_1_174' title='bbox 316 2555 450 2625; x_wconf 84' lang='lat' dir='ltr'>mollius,</span> <span class='ocrx_word' id='word_1_175' title='bbox 471 2550 589 2632; x_wconf 89' lang='lat' dir='ltr'>publico</span> <span class='ocrx_word' id='word_1_176' title='bbox 614 2548 753 2608; x_wconf 84' lang='lat' dir='ltr'>discrimi-</span> 
     </span>
    </p>
   </div>
   <div class='ocr_carea' id='block_1_7' title="bbox 82 2635 753 2770">
    <p class='ocr_par' dir='ltr' id='par_1_9' title="bbox 82 2635 753 2770">
     <span class='ocr_line' id='line_1_29' title="bbox 82 2635 753 2770; baseline -0.004 -77"><span class='ocrx_word' id='word_1_177' title='bbox 82 2645 113 2690; x_wconf 80' lang='lat' dir='ltr'>ne</span> <span class='ocrx_word' id='word_1_178' title='bbox 126 2635 154 2694; x_wconf 94' lang='lat' dir='ltr'>in</span> <span class='ocrx_word' id='word_1_179' title='bbox 171 2635 326 2698; x_wconf 87' lang='lat' dir='ltr'>securibus.</span> <span class='ocrx_word' id='word_1_180' title='bbox 348 2635 403 2697; x_wconf 84' lang='lat' dir='ltr'>Hae</span> <span class='ocrx_word' id='word_1_181' title='bbox 415 2635 445 2693; x_wconf 89' lang='lat' dir='ltr'>in</span> <span class='ocrx_word' id='word_1_182' title='bbox 458 2649 641 2713; x_wconf 87' lang='lat' dir='ltr'>quocumque</span> <span class='ocrx_word' id='word_1_183' title='bbox 650 2649 753 2770; x_wconf 68' lang='lat' dir='ltr'>¹gene·</span> 
     </span>
    </p>
   </div>
   <div class='ocr_carea' id='block_1_8' title="bbox 81 2713 753 2960">
    <p class='ocr_par' dir='ltr' id='par_1_10' title="bbox 81 2713 753 2960">
     <span class='ocr_line' id='line_1_30' title="bbox 83 2713 753 2798; baseline -0.003 -24"><span class='ocrx_word' id='word_1_184' title='bbox 83 2726 110 2770; x_wconf 79' lang='lat' dir='ltr'>re</span> <span class='ocrx_word' id='word_1_185' title='bbox 124 2714 343 2798; x_wconf 80' lang='lat' dir='ltr'>deprehendunt</span> <span class='ocrx_word' id='word_1_186' title='bbox 351 2733 482 2776; x_wconf 83' lang='lat' dir='ltr'>orarem:</span> <span class='ocrx_word' id='word_1_187' title='bbox 498 2713 607 2794; x_wconf 90' lang='lat' dir='ltr'>quippe</span> <span class='ocrx_word' id='word_1_188' title='bbox 618 2729 649 2770; x_wconf 90' lang='lat' dir='ltr'>re</span> <span class='ocrx_word' id='word_1_189' title='bbox 660 2723 753 2792; x_wconf 70' lang='lat' dir='ltr'>&#39;punn-</span> 
     </span>
     <span class='ocr_line' id='line_1_31' title="bbox 81 2789 751 2880; baseline -0.01 -21"><span class='ocrx_word' id='word_1_190' title='bbox 81 2799 183 2867; x_wconf 72' lang='lat' dir='ltr'>t¹1r‚&#39;&amp;</span> <span class='ocrx_word' id='word_1_191' title='bbox 199 2797 340 2880; x_wconf 75' lang='lat' dir='ltr'>fragosius</span> <span class='ocrx_word' id='word_1_192' title='bbox 360 2795 473 2866; x_wconf 83' lang='lat' dir='ltr'>sidunt,</span> <span class='ocrx_word' id='word_1_193' title='bbox 491 2793 594 2874; x_wconf 77' lang='lat' dir='ltr'>aegrius</span> <span class='ocrx_word' id='word_1_194' title='bbox 610 2789 751 2852; x_wconf 86' lang='lat' dir='ltr'>revellun-</span> 
     </span>
     <span class='ocr_line' id='line_1_32' title="bbox 82 2873 749 2960; baseline 0.004 -26"><span class='ocrx_word' id='word_1_195' title='bbox 82 2883 132 2936; x_wconf 72' lang='lat' dir='ltr'>tur.</span> <span class='ocrx_word' id='word_1_196' title='bbox 157 2875 221 2960; x_wconf 82' lang='lat' dir='ltr'>ipsa</span> <span class='ocrx_word' id='word_1_197' title='bbox 247 2877 380 2942; x_wconf 77' lang='lat' dir='ltr'>materies</span> <span class='ocrx_word' id='word_1_198' title='bbox 394 2875 565 2950; x_wconf 79' lang='lat' dir='ltr'>retorrida,</span> <span class='ocrx_word' id='word_1_199' title='bbox 584 2873 749 2955; x_wconf 82' lang='lat' dir='ltr'>&amp;nigrior</span> 
     </span>
    </p>
   </div>
   <div class='ocr_carea' id='block_1_9' title="bbox 0 0 983 3592">
    <p class='ocr_par' dir='ltr' id='par_1_11' title="bbox 0 0 983 3592">
     <span class='ocr_line' id='line_1_33' title="bbox 0 0 983 3592; baseline 0 0"><span class='ocrx_word' id='word_1_200' title='bbox 0 0 983 3592; x_wconf 95' lang='lat' dir='ltr'> </span> 
     </span>
    </p>
   </div>
  </div>
 </body>
</html>
