1932 3588
196 346 290 425 ,330
340 325 377 398 C.
396 329 573 398 Pzrurr
596 327 788 400 NAwn.

217 449 318 510 lumen
334 443 441 522 scatet,
457 468 494 509 ne
516 448 546 508 in
570 445 714 510 infinitum
741 448 889 512 abeamus:

216 529 296 611 apud
318 549 373 590 nos
390 531 463 590 verb
478 526 515 590 C.
527 527 624 610 Epidii
638 534 856 607 commentarii,
865 534 890 591 in

215 608 324 692 quibus
344 611 460 672 arbores
478 609 583 670 locuta
607 630 725 694 quoque
749 615 891 694 reperiun-

216 707 275 754 tur.
294 689 426 753 Subsedit
439 693 468 750 in
478 689 614 754 Cumano
622 691 708 752 arbor
717 696 799 776 gravi
807 693 892 755 oslen-

216 788 274 847 to,
296 771 383 856 paulo
406 790 472 834 ante
492 772 625 856 Pompeii
646 769 747 916 Magni
764 775 843 836 bella
858 775 892 836 ci·

219 853 305 929 vilia,
350 857 426 915 aucis
452 855 540 915 ramis
560 856 697 916 eminen'
740 875 764 917 s.
791 855 893 917 lnven·

217 949 282 995 tum
302 875 449 1017 Sibyllinis
462 935 540 996 libris
557 935 789 998 internecionem
804 938 893 998 homi·

209 1035 290 1078 -num
313 1015 397 1093 sore,
410 1013 550 1098 tantdque
562 1037 626 1078 eam
634 1016 778 1079 ma'orem
786 1061 798 1092 ‚
809 1038 892 1102 quan·

218 1095 253 1157 tb
267 1098 388 1178 propius
399 1097 436 1156 ab
445 1096 527 1158 Urbe
536 1097 636 1180 postea
645 1039 716 1158 sada
729 1097 808 1160 esset.
828 1097 892 1161 Sunt

218 1176 371 1272 prodigio,
397 1179 430 1240 dt
452 1179 518 1238 ciun
542 1180 641 1240 alienis
661 1179 734 1241 locis
764 1177 892 1241 enascun-

218 1272 340 1399 dul
353 1277 387 1398 l
400 1257 894 1422 dbllstlsslllltffllzsst

218 1417 302 1479 lauro
324 1435 390 1480 nata
416 1418 458 1481 est
482 1419 588 1501 Cyzici
611 1438 676 1482 ante
704 1421 891 1485 obsidionem.

219 1497 315 1560 Simili
333 1499 424 1562 modo
443 1499 587 1563 Trallibus
602 1502 698 1584 palma
710 1505 741 1564 in
755 1502 817 1565 basi
832 1499 892 1564 Ca·

220 1579 291 1641 saris
327 1579 472 1643 didatoris
502 1584 577 1643 circa
610 1583 687 1644 bella
711 1585 809 1647 civilia
829 1582 891 1665 ejus.

220 1659 347 1724 Necnon
367 1662 399 1723 &
421 1661 525 1724 Romae
540 1666 570 1724 in
589 1659 737 1747 Capitolio
759 1666 790 1726 in
809 1667 892 1806 capite

156 1823 157 1826 Ἴ
219 1741 304 1816 lovis
331 1742 411 1804 bello
439 1743 533 1804 Persei
564 1763 647 1806 enata
660 1745 785 1886 <pialnta,
807 1747 838 1808 vi
864 1765 893 1806 0.

219 1825 293 1883 tiam
313 1823 530 1906 triumphosque
553 1843 658 1907 porten
691 1843 703 1887 t
724 1847 733 1887 t
756 1827 809 1888 hac
826 1843 894 1888 tem·

220 1902 379 1986 pestatibus
430 1905 565 1978 rostrati,
602 1908 709 1970 eodem
735 1907 804 1970 loco
824 1905 888 1968 licut

220 2003 307 2047 enata
329 1983 391 2059 eli,
451 2031 459 2047 .
487 1985 638 2062 Mellalae,
660 1985 698 2050 C.
727 1986 820 2052 Cassii
839 2007 895 2050 cen·
954 2054 955 2082 p

221 2063 319 2127 sorum
352 2065 452 2127 lustro.
475 2067 506 2128 A
554 2089 591 2129 uo
624 2086 758 2153 tempore
793 2069 893 2154 pudici·
954 2083 955 2138 ζ

219 2147 291 2206 tiam
313 2141 476 2207 subuersam
500 2090 565 2210 Piso
585 2153 682 2233 gravis¹
707 2149 806 2212 audior
833 2169 895 2234 pro·
954 2181 955 2188 κ

217 2225 305 2288 didit.
328 2224 421 2308 Super
441 2230 541 2289 omnia
560 2251 624 2312 quae
640 2252 780 2314 umquam
807 2231 895 2293 audin

221 2303 305 2381 sunt,
319 2308 375 2367 erit
392 2309 557 2390 prodigium
576 2314 605 2370 in
626 2311 725 2373 noslro
751 2333 817 2374 aevo
839 2311 896 2374 Ne·

221 2389 301 2448 tonis
323 2390 414 2471 princi
437 2391 461 2449 is
473 2391 553 2451 ruini
568 2391 672 2454 facium
692 2395 723 2454 in
743 2413 812 2476 agro
825 2391 895 2454 Mar·

220 2470 344 2544 tucino,
362 2468 410 2530 Ve
439 2473 458 2530 'i
468 2469 599 2532 Marcelli
618 2493 634 2534 e
653 2475 782 2556 primite
803 2471 894 2534 uestris

208 2549 332 2610 ‘ordinis
354 2549 463 2613 oliveto
485 2549 619 2615 universo
644 2556 725 2616 viam
757 2557 894 2637 pulicem

222 2630 408 2714 transgresso,
430 2632 559 2716 arvisque
576 2634 644 2697 inde
664 2656 681 2698 e
710 2638 851 2699 contrario
867 2634 894 2692 in

222 2709 321 2773 lotum
343 2713 446 2776 oliveti
467 2713 614 2796 prosedis.

263 2791 404 2855 XXXIX.
423 2793 470 2856 26.
490 2795 576 2857 Nunc
596 2797 734 2878 expositis
767 2797 895 2860 arborum

220 2872 352 2949 morbis,
374 2874 597 2939 consentaneum
617 2876 659 2941 est
681 2877 778 2944 dicere
804 2880 837 2947 &
853 2894 894 2939 re·
