1942 3586
206 263 418 354 Hrsron.
444 283 516 354 Lib.
540 271 637 355 XlV.
699 305 760 356 ror

92 400 184 480 sponte
196 402 407 481 provenientis.
419 399 592 462 Maroneum
603 402 694 462 vicies
704 419 769 463 run·

93 497 121 540 ro
135 481 233 540 addito
251 501 338 563 aquae
348 479 527 544 miscendum
538 481 685 544 Homerus
697 501 768 564 pro·

97 561 164 622 didit.
183 558 282 622 Durat
298 563 387 622 etiam
407 564 453 622 vis
472 562 574 622 eadem
590 563 619 620 in
629 562 704 622 tend
737 582 770 622 e·

98 645 161 716 nen',
177 643 321 724 rigorque
348 641 514 702 indomitus.
548 640 672 723 Quippe
699 581 767 704 edm

85 718 233 784 ,Mucianus
255 739 305 783 ter
328 721 426 785 consul
447 743 482 784 ex
502 722 547 782 his
567 724 617 803 qui
631 743 677 784 nu
698 723 770 782 erri-

91 801 131 862 rne
149 803 331 883 prodidere,
350 801 484 864 sextarios
505 802 633 884 singulos
653 743 768 885 odoge·

90 885 126 942 nis
143 904 222 966 aquae
240 881 359 944 misceri
369 885 543 963 compererit
554 881 676 964 praesens
689 885 719 944 in
729 903 768 946 eo

89 962 176 1024 nediu.
193 961 253 1024 Esse
275 981 376 1024 autem
395 963 493 1024 colore
512 966 642 1045 nigrum,
659 963 768 1024 odora·

88 1060 157 1117 rum,
173 1043 322 1105 vetustate
335 1042 535 1126 pinguescere.
558 1043 595 1104 Et
615 1043 767 1120 Pramnio,

87 1124 246 1205 quodidem
257 1124 766 1198 Homeruscelebravit,etiamnune

87 1203 173 1265 honos
192 1205 288 1266 durat.
314 1203 445 1280 Nascitur
471 1202 603 1284 Smyrnae
626 1206 768 1286 regione,

86 1280 158 1364 juxta
175 1285 336 1346 delubrum
357 1283 460 1346 Matris
476 1284 574 1346 deum.
595 1283 629 1346 ln
647 1286 763 1368 reliquis

87 1365 191 1426 claritas
211 1368 317 1449 generi
337 1385 397 1426 non
417 1363 479 1424 suit.

122 1447 216 1508 Alicui
237 1468 319 1506 anno
340 1445 394 1506 fuit
413 1446 544 1505 omnium
558 1465 696 1528 generum
707 1446 766 1507 bo·

87 1527 169 1601 nitas,
186 1527 220 1588 L.
239 1526 367 1608 Opimio
387 1524 520 1595 consule,
540 1529 605 1587 cnm
622 1524 658 1588 C.
671 1524 767 1588 Grac·

88 1606 151 1666 chus
168 1609 305 1668 tribunus
326 1607 442 1688 plebem
458 1607 644 1668 seditionibus
656 1609 766 1688 agitans

81 1687 291 1770 interemptus:
305 1688 406 1748 eacaeli
416 1688 570 1767 temperies
577 1685 671 1758 fulsit,
680 1707 767 1780 quam

89 1767 226 1830 roduram
250 1785 376 1837 vocant,
400 1765 474 1828 Solis
492 1785 598 1847 opere,
617 1767 701 1828 natali
713 1765 767 1826 Ur·

88 1847 127 1908 bis
146 1867 318 1910 ucxxxm.
337 1846 510 1930 Durantque
532 1845 625 1906 adhuc
637 1847 705 1906 vina
716 1847 767 1906 du·

91 1931 173 1990 centis
195 1929 260 1990 fere
287 1931 384 1998 annis,
396 1925 453 2008 jam
471 1930 502 1986 in
517 1924 643 2007 speciem
655 1925 767 1988 redasle

92 2008 175 2070 mellis
205 2009 324 2092 asperi:
350 2011 457 2070 etenim
483 2009 544 2068 haec
572 2023 671 2068 natura
691 2008 765 2068 vinis

94 2089 119 2147 in
136 2090 280 2152 vetustate
291 2088 350 2152 est:
363 2109 417 2149 nec
427 2090 521 2171 potari
532 2107 584 2169 per
595 2086 623 2148 se
634 2105 764 2169 queunt,

92 2170 180 2231 sinon
199 2173 352 2253 pervincet
369 2190 462 2251 aqua,
480 2166 568 2309 ustlue
585 2171 615 2228 in
632 2171 767 2230 amaritu-

92 2248 183 2312 dinem
203 2253 280 2314 carie
303 2249 452 2311 indomiti.
478 2247 515 2310 Se
566 2252 667 2310 ceteris
690 2251 768 2311 vinis

92 2331 325 2394 commendandis
338 2331 455 2391 minima
466 2329 559 2412 aliqud
573 2329 695 2390 mixturd
705 2346 783 2389 me··

92 2409 250 2473 dicernenta
269 2409 462 2492 suntrquod,
484 2427 515 2470 ut
538 2408 599 2489 ejus
625 2410 768 2488 temporie

94 2489 278 2552 estimatione
301 2494 331 2551 in
350 2490 473 2574 singulas
495 2488 648 2569 amphoras
673 2503 770 2548 cente·

93 2573 119 2630 ai
135 2575 244 2632 nummi
262 2570 432 2640 statuantur,
446 2587 483 2628 ex
497 2569 541 2626 bis
558 2583 655 2626 tamen
663 2609 674 2637 ,
687 2564 769 2634 usurd
830 2575 831 2578 ’

94 2651 276 2734 multiplicati
286 2651 464 2720 semissibus,
477 2667 541 2729 quae
554 2646 645 2707 civilis
658 2667 690 2706 ac
702 2665 767 2706 mo·

93 2731 154 2792 dica
170 2732 229 2807 est,
249 2734 280 2793 in
298 2730 362 2793 Caii
383 2727 502 2792 casaris
525 2725 693 2789 Germanici
716 2724 767 2788 filii

93 2813 270 2896 principatu,
290 2833 365 2876 anno
387 2827 459 2874 eux,
481 2809 603 2894 singulas
621 2808 716 2872 uncias
726 2810 767 2876 vl·

580 2888 605 2952 E
617 2888 647 2966 iij
