2012 3588
251 235 312 307 Ηι
325 249 345 312 r
360 251 471 308 rou.
489 233 677 306 Lib-XHI'.
733 177 774 329 5}

120 354 243 416 abundat:
260 357 425 438 rumpitque
434 352 463 416 se
475 356 556 436 pomi
572 355 659 433 ipsius
670 353 778 425 ,etiam

121 433 200 500 insuti
215 453 318 508 matre,
334 437 476 509 ebrietas,
497 437 612 496 calcatis
631 433 738 495 similis.

154 513 226 576 Suum
248 537 337 600 genus
353 532 374 576 'e
393 518 513 578 sicciore
540 513 625 576 curbi
648 511 778 592 junceis,

124 593 780 680 pralongirgracilitatecurvatisinterrant.Narn

121 697 175 756 quas
190 700 220 739 ex
231 679 274 740 his
285 679 393 740 honori
405 678 528 740 deorum
546 677 696 751 dicantus,
709 674 782 814 ch(-

118 757 181 816 daeor
196 758 351 840 appellavit
369 757 485 832 Iudaea,
508 777 579 840 gens
600 773 739 817 conturne
752 755 781 816 it

116 840 245 921 nuntinutrr
265 843 317 900 ins'
360 840 396 904 is.
418 837 451 902 ln
464 856 559 900 toturn
571 854 684 898 arentes
696 835 781 897 The·

115 917 189 979 baidis
203 938 286 1002 atque
306 859 444 992 Rabiae,
468 939 625 1000 macroque
654 937 782 1000 corpore

115 1000 211 1075 eriles,
228 1003 259 1063 δι
275 1001 394 1062 assiduo
409 1019 520 1082 vapore
536 1015 692 1071 torrentes,
714 1017 782 1060 cru·

113 1077 174 1140 siam
206 1083 322 1156 veriits,
350 1080 438 1163 quiun
466 1099 563 1142 curent
573 1085 592 1155 ³,
621 1080 781 1142 obducunt.

113 1156 141 1218 In
159 1159 215 1242 ipsi
232 1163 354 1244 quidem
373 1162 522 1244 AEthiopii
542 1161 658 1235 friatur,
679 1158 782 1241 (tanta

113 1238 149 1300 est
166 1243 291 1316 siccitas,
306 1241 321 1324 )
344 1243 378 1304 &
391 1241 487 1302 sarinae
501 1242 592 1304 modo
613 1239 739 1323 spissatur
751 1242 782 1300 in

113 1342 216 1401 panem.
236 1322 374 1407 Gignitur
399 1341 494 1384 autem
518 1326 547 1382 in
566 1321 670 1383 frutice
694 1323 787 1384 ramis.

115 1403 287 1478 cubitalibus,
304 1404 380 1466 solio
397 1403 516 1475 latiore,
529 1403 781 1485 ponto'rotundo,

115 1481 157 1543 sed
172 1485 294 1568 majore,
325 1484 393 1545 uim
403 1485 490 1558 mali,
504 1484 711 1566 amplitudine:
725 1485 785 1543 coi·

114 1584 155 1624 cas
170 1583 284 1628 vocant.
338 1568 450 1628 riennio
475 1563 688 1626 maturescunt:
706 1561 786 1624 sern-

133 1665 159 1704 er
179 1647 316 1710 uesrutici
349 1667 450 1706 ornum
462 1643 504 1705 est
521 1644 703 1706 subnascente
715 1644 784 1704 alio.

115 1665 259 1797 insistitis
277 1669 387 1789 fruitus
404 1727 553 1807 extemplo
569 1729 598 1785 in
610 1724 698 1786 cados
715 1745 787 1786 cotu-

118 1805 198 1882 dinn,
218 1813 283 1872 c'um
306 1807 349 1870 sui
366 1807 476 1868 ardoris
496 1807 608 1868 animi:
627 1807 654 1865 ni
666 1806 705 1864 ita
716 1803 787 1876 siat,

119 1889 234 1953 celeriter
252 1888 307 1952 exs
325 1892 397 1950 irat:
417 1887 620 1970 marcescitque
632 1907 692 1946 non
709 1904 788 1948 reto·

121 1965 167 2030 ssus
181 1967 276 2034 furnis.
294 1914 342 2034 ssa
360 1970 471 2050 reliquo
486 1989 592 2052 genere
610 1967 732 2049 plebeiae
744 1970 788 2028 vi·

122 2047 217 2115 dentur.
233 2052 349 2136 Syri&
369 2051 441 2122 Juba
458 2059 613 2132 tragemata
633 2071 669 2130 ap
708 2049 788 2110 ilant.

121 2125 183 2192 Nau
205 2138 252 2197 -in‘
265 2133 325 2194 atta
343 2149 432 2212 'parte
462 2130 641 2204 Phoenices,
690 2131 788 2190 iliciae·¹

124 2230 190 2290 que,
209 2213 345 2299 populari
374 2217 461 2289 etiarn
488 2215 604 2274 nornine
620 2212 730 2272 anobis
738 2231 789 2290 apo.

129 2293 244 2366 uellantur
280 2294 385 2355 baiani.
414 2293 529 2370 Eorum¹
562 2313 679 2374 quoque
726 2291 791 2371 plu·

131 2389 154 2428 Ε
165 2393 273 2456 genera.
290 2371 437 2436 Differunt
455 2373 545 2458 figuris
554 2373 735 2434 rotunditatis
742 2385 791 2430 aut

126 2460 302 2530 proceritatis.
324 2453 471 2516 Differunt
489 2455 522 2515 δι
541 2453 659 2523 colore,
679 2451 791 2530 nigrio-

123 2551 160 2594 ter
176 2558 207 2598 ac
225 2539 371 2600 rubentes
401 2535 467 2596 Nec
488 2533 639 2614 pauciores
658 2529 715 2590 fico
734 2546 792 2588 tra·

125 2612 214 2690 duntur
246 2617 381 2698 coiores„
402 2613 532 2692 Maxime
559 2628 654 2686 tamen
677 2609 793 2692 placent

123 2697 454 2772 cutidi.Distant&ma
474 2691 793 2772 sirudinetproutmul·

124 2775 281 2862 ticubitunt
298 2777 432 2858 effecere.
448 2716 577 2858 &uidua
589 2773 652 2918 suat
663 2793 723 2834 nou
733 2791 794 2836 am·

661 2876 683 2919 v
