1954 3594
211 253 281 354 396
332 258 368 326 C.
395 253 567 327 Primi
585 255 773 328 Narve.

206 381 265 457 ¹uisi
283 378 428 440 messibus
445 379 475 438 in
494 397 590 438 aream
607 375 825 460 redeunttquia
836 373 888 436 εἰει·

208 462 279 528 ¹citas
300 475 419 521 coercet
438 455 558 532 herbas,
577 455 675 540 fruges
686 456 828 519 noiiurno
847 475 887 518 ta·

207 539 265 602 &2⁵
287 560 354 602 rore
373 541 510 600 nutriens.
529 537 669 621 Virgilius
682 537 797 600 alternis
808 535 889 600 celia·

205 643 240 684 re
259 643 330 683 arva
343 617 461 682 suadet:
476 622 509 683 &
524 620 604 692 hoc,
620 622 644 679 si
660 621 802 700 patiantur
818 621 887 680 ruris

206 699 315 786 spatia,
329 702 509 763 utilissimum
518 697 621 782 procul
632 699 723 761 dubio
736 698 787 762 est.
797 698 888 780 Quod

207 785 233 844 si
264 799 352 866 neget
376 779 527 856 conditio,
552 779 594 842 far
615 780 796 854 serendum,
815 779 888 842 unde

206 865 245 936 δι
268 863 298 926 lu
320 863 420 939 inum,
435 879 484 924 aut
509 861 609 936 vicia,
625 879 673 922 aut
689 861 758 924 faba
785 855 888 922 sublata

208 945 284 1020 sint,
352 965 416 1026 quae
435 961 541 1005 terram
563 939 670 1004 faciunt
687 942 839 1005 laetiorem.
856 941 888 1002 ln

207 1023 366 1110 primisque
395 1025 428 1085 &
452 1023 510 1084 hoc
541 1023 732 1101 notandum,
758 1023 886 1107 quaedam

207 1123 330 1188 propter
349 1105 404 1166 alia
419 1103 472 1166 seri
489 1099 583 1166 'obiter
601 1128 608 1165 :
633 1102 684 1180 [ed
701 1126 805 1188 parum
820 1125 886 1188 pro·

207 1189 310 1248 venire
322 1187 414 1268 priori
429 1186 553 1246 diximus
561 1183 728 1259 volumine,
743 1206 780 1247 ne
789 1185 886 1246 eadem

207 1265 310 1351 saepius
326 1267 476 1330 dicantur:
495 1266 652 1348 plurimum
665 1263 863 1328 euimreferts
882 1321 885 1328 .

206 1345 382 1431 lituusque
401 1349 483 1412 ratio.

248 1371 297 1500 Li.
317 1450 366 1492 22.
387 1425 504 1493 Civitas.
523 1423 631 1490 Africa
651 1430 686 1490 in
707 1424 810 1492 mediis
827 1447 883 1490 ate·

206 1510 445 1593 nis‚petentibus
455 1507 557 1594 Syrtes
567 1509 729 1592 Leptinque
739 1530 882 1594 maguam,

207 1587 328 1654 uocatur
350 1589 574 1674 Tacape,felici
591 1588 620 1653 su
643 1612 674 1654 er
692 1612 781 1652 omne
803 1593 883 1652 mitre

205 1673 306 1759 euluqs
316 1671 398 1756 riguo
412 1670 492 1734 solo:
511 1673 600 1734 ternis
611 1614 672 1735 lire
683 1673 808 1736 millibus
824 1667 880 1756 pai·

205 1752 330 1818 suumin
343 1775 464 1817 omnem
478 1769 590 1838 purtem
601 1749 667 1816 fons
680 1753 823 1828 abundat,
832 1754 880 1812 lar·

206 1855 260 1918 gus
268 1835 406 1976 ?Uidem'
419 1829 468 1897 'sed
484 1835 571 1898 certis
580 1834 820 1931 horartunipatiis
830 1829 880 1894 dis·

205 1934 340 1998 periatur
357 1919 432 1978 inter
450 1915 571 1978 incolas.
580 1913 687 1978 Palmae
696 1915 737 1976 ihi
745 1936 880 2001 praegrau-

204 1997 237 2063 di
257 1997 384 2060 subditur
401 1993 489 2070 olea,
503 1995 570 2062 huic
592 1995 681 2068 ficus,
696 1993 756 2060 fico
767 1995 880 2067 Punica.

203 2073 247 2148 ilii
258 2079 346 2144 uitis:
359 2077 409 2142 sub
423 2077 483 2140 vite
493 2075 593 2140 seritur
601 2075 796 2153 iurulentum,
816 2096 880 2140 utor

205 2155 363 2242 legumen,
384 2157 489 2222 deinde
503 2159 589 2234 olus,
605 2159 703 2221 omnia
720 2161 824 2222 eodem
837 2179 879 2220 au·

203 2259 262 2302 no:
274 2241 429 2322 omniaque
448 2239 653 2303 alientumbrt
662 2237 783 2304 aluntur.
803 2237 879 2322 Qua·

204 2335 288 2396 ternu
309 2320 402 2382 cubita
420 2316 481 2400 ejus
502 2317 556 2381 soli
574 2321 603 2380 irs
620 2319 789 2404 quadratum
801 2364 816 2394 ,.
831 2340 878 2382 nec

203 2419 238 2466 ut
261 2397 437 2484 sportellis
461 2402 615 2464 metiantur
636 2402 760 2486 digitis,
782 2401 831 2464 sed
854 2401 880 2462 iu

203 2503 337 2566 pugnum
355 2481 522 2559 contrailis,
535 2484 680 2565 quaternis
701 2483 824 2546 denariis
835 2501 879 2544 ve·

203 2563 388 2628 numdantur.
400 2561 439 2628 Su
461 2585 493 2625 er
510 2564 608 2628 omnia
622 2560 682 2636 est,
703 2563 795 2626 bifera
806 2565 879 2635 vite,

203 2635 249 2706 isis
273 2665 349 2708 anno
376 2587 566 2708 vintlemiare.
591 2643 627 2706 Et
656 2646 711 2708 nisi
734 2643 879 2728 multiplici

201 2721 288 2810 §artu
307 2727 481 2793 exinaniatur
500 2727 640 2802 ubertas,
657 2743 780 2813 pereunt
799 2725 877 2788 luxu·

203 2802 247 2896 qii
265 2805 368 2894 singuli
384 2798 501 2881 fruiius'.
522 2802 609 2912 liusq
629 2807 702 2876 vetit
720 2824 785 2874 toto
808 2823 879 2892 atum¹
