2012 3588
244 301 449 374 Hrsrort.
470 303 546 375 Lib.
573 303 667 376 Xlll.
718 319 766 397 77

107 421 168 559 titi,
179 423 270 503 *paulo
286 423 385 484 tamen
415 414 609 562 Ιοιιιβὶοτίδυέ
625 423 770 483 crassiori·

127 500 209 583 usque,
220 523 251 562 ac
271 506 383 586 rugosis
401 505 454 563 inc'
470 505 550 575 uris,
570 523 633 586 qua
665 519 769 564 ertota

113 580 243 646 discurnn
254 605 271 644 :⁶
283 583 392 646 semine
411 583 526 646 hordeo
547 583 630 643 simili
687 583 773 643 colo·

112 679 143 720 re.
155 661 270 724 Materie
289 665 332 726 est
354 665 529 747 durataque
548 661 651 724 firmd:
670 663 728 745 qud
740 664 772 724 in

108 740 206 808 domun
223 745 324 819 illatd,
343 743 474 806 difficiles
491 761 589 826 partus
609 741 674 804 fieri
697 763 773 826 pro-

104 820 175 896 dunt,
188 825 353 908 mortesque
373 823 498 886 miseras.
751 875 754 884 ,

109 953 111 962 ,
134 901 293 968 XXXVIII.
311 928 361 968 22.
379 905 443 966 Nec
454 905 619 986 auspicatior
628 905 658 966 in
669 903 770 968 Lesbo

101 981 177 1044 insuld
190 987 275 1048 arbor
293 1007 360 1070 quae
375 1003 498 1048 vocatur
512 1006 697 1067 evonymos,
708 1005 771 1047 nott

101 1063 220 1127 alsindis
238 1067 355 1129 Punicae
371 1067 484 1140 arbori,
498 1069 572 1128 inter
591 1086 656 1127 eam
666 1068 699 1129 dc
710 1067 770 1126 lau·

99 1145 220 1208 mmlolii
229 1147 447 1232 magnitudine,
461 1145 637 1228 figuravero
647 1147 681 1208 δι
691 1147 771 1208 mol·

99 1221 149 1286 litie
164 1226 292 1302 Punicae,
314 1229 388 1289 flore
408 1228 594 1300 candidiore,
608 1224 701 1287 statim
715 1247 772 1310 pe·

98 1303 160 1366 llem
175 1307 357 1370 denuntians.
379 1308 446 1369 Fert
462 1309 578 1391 siliquas
595 1305 709 1368 sesamae
730 1311 772 1376 εἰ·Ι

97 1387 186 1450 miles:
204 1392 281 1450 intus
303 1409 423 1472 granum
439 1387 635 1484 quadrangula
658 1387 769 1470 figurd,

97 1465 215 1605 Pilum,
235 1470 323 1532 letale
341 1468 530 1530 animalibus:
552 1489 606 1533 nec
626 1469 770 1530 non&itt

108 1547 160 1610 olio
176 1551 277 1612 eadem
299 1553 354 1612 vis.
374 1549 520 1611 Succurrit
530 1549 683 1632 ailquando
694 1569 768 1630 prat·

97 1647 156 1770 teg}
173 1631 229 1691 alvi
256 1631 425 1693 exinanitio.
596 1663 598 1672 ι

104 1747 107 1762 ·
157 1709 265 1774 ll-XIX.
284 1711 452 1774 Alexander
462 1708 616 1773 Cornelius
631 1708 769 1772 arborem

80 1807 82 1816 ‘
101 1807 192 1854 torem
209 1815 224 1854 a
246 1793 388 1876 pellavit,
410 1813 446 1854 ex
503 1787 609 1851 efacta
629 1787 698 1850 esset
714 1789 773 1850 Ara

103 1887 150 1950 go,
166 1817 291 1936 similem
311 1874 411 1935 robori
432 1874 458 1932 v'
472 1891 541 1932 cum
559 1869 681 1942 ferenti,
704 1889 773 1951 qua

104 1967 146 2012 tet
162 1955 233 2038 aqud
246 1975 306 2016 nec
317 1955 384 2096 ¹{fini
401 1954 493 2033 possit
503 1953 673 2033 corrumpi,
686 1950 772 2014 sicuti

105 2049 146 2094 aec
159 2036 271 2098 viscum
279 2055 317 2096 tn

103 2109 265 2179 densciam.
496 2150 498 2158 s

104 2233 107 2240 ·
130 2193 186 2262 XL.
202 2195 381 2260 Adrachnen
402 2205 504 2256 omnes
520 2194 582 2256 fere
594 2192 691 2256 Greci
703 2215 769 2276 por·

100 2273 186 2338 tulacae
199 2279 322 2340 nomine
338 2279 574 2359 interpretantur,
593 2278 661 2336 clam
673 2276 721 2335 illa
732 2275 772 2338 sit

99 2351 193 2433 herba,
211 2361 246 2421 δι
264 2357 427 2418 andrachne
444 2374 585 2429 vocetur,
602 2359 686 2415 unius
705 2355 772 2414 lite·

100 2447 133 2494 πω
144 2438 318 2502 diversitate.
339 2435 480 2499 Ceterum
501 2435 644 2496 adrachne
662 2431 704 2494 est
721 2434 773 2493 sil·

99 2515 188 2580 vestris
209 2520 312 2591 arbor,
325 2539 361 2579 tre
403 2539 420 2580 e
434 2521 464 2578 itr
481 2517 574 2597 planis
586 2511 724 2587 nascens,
735 2515 773 2572 sl·

100 2597 163 2658 milis
181 2600 329 2670 unedoni,
346 2598 377 2660 fo
390 2601 419 2659 'o
447 2598 559 2658 tantiam
587 2593 718 2665 minore,
737 2594 773 2656 dc

100 2693 247 2761 numquam
263 2677 418 2742 decidente
434 2699 442 2739 t
460 2677 570 2738 cortice
588 2693 648 2734 non
669 2671 771 2734 scabro

100 2759 227 2849 quidem,
243 2760 293 2821 sed
308 2763 356 2841 qui
367 2758 585 2840 circumgelatus
597 2754 694 2818 videri
703 2773 771 2837 pos·

98 2853 216 2913 sirmam
234 2839 318 2904 tristis
335 2837 448 2923 aspectu
465 2835 517 2962 est.
588 2913 671 2998 Din
767 2883 771 2898 .

346 2095 347 2100 ,
358 2037 364 2050 ’
375 2033 421 2093 alii
427 2035 572 2116 cognitam
579 2031 683 2116 „quod
693 2032 772 2116 equi·
