1954 3594
256 323 329 421 380
379 325 414 394 C.
440 327 616 394 Pttutt
641 325 820 398 Nurum

255 444 286 506 ni
307 458 392 525 atque
412 441 544 504 Vulcani.
562 443 726 526 feruntque
736 442 828 505 subtili
837 443 915 506 obsen'

254 527 396 595 vatione,
414 524 503 605 quoti
521 522 603 584 Lund
631 525 815 605 precedente
837 525 915 586 hieme

256 605 307 666 nix
326 608 418 685 prima
437 604 591 679 ceciderit,
609 606 634 665 si
651 607 777 667 totidem
796 607 915 667 luminum

255 685 306 746 die
322 687 394 746 intra
413 684 579 766 ptaedicium
601 703 660 747 tem
682 689 742 748 otis
762 684 897 770 spatiums
907 718 916 732 ·

255 782 370 840 rantur,
385 767 456 826 mire
479 771 640 846 provenire.
660 707 803 831 geruntur
816 769 847 830 δι
862 787 916 829 uere

256 848 288 908 in
307 847 405 907 calidis
425 863 509 928 atque
527 848 661 909 humidis.

299 926 439 989 XXXVI.
456 948 501 1002 14.
510 927 623 1009 Lupino
636 927 678 989 est
691 927 919 1070 sssffldpmflmffls'

257 1010 327 1068 cium
345 1011 381 1068 sit
400 1009 527 1082 homini,
547 1013 580 1071 &
601 1010 751 1092 quadrupe
775 1030 823 1068 um
849 1027 918 1092 gene·

256 1091 282 1148 ri
293 1089 412 1170 ungulas
426 1089 557 1163 habenti,
572 1093 746 1150 communis.
763 1088 918 1151 Remedium

256 1166 337 1250 ejus,
350 1189 387 1228 ne
403 1186 546 1230 metentes
562 1169 653 1252 fugiat
666 1171 846 1243 exsiliendo,
856 1168 916 1227 uteh

256 1249 351 1311 imbre
371 1250 495 1312 tollatur.
512 1249 578 1312 Nec
598 1250 703 1324 uilius‚·
718 1251 917 1334 quaeseruutur‚

259 1345 362 1390 nature
370 1331 487 1392 adsensu
496 1330 917 1397 terraemirabiliorest.‚Primi1u

258 1414 391 1472 omnium
407 1434 474 1474 curn
490 1410 560 1474 Sole
577 1414 707 1496 quotidie
720 1411 916 1493 circumagitur,

260 1491 348 1552 horas
365 1513 400 1554 ue
423 1494 555 1575 agricolis
582 1498 669 1554 etiam
697 1495 801 1555 nubilo
820 1493 916 1552 demon·

259 1572 338 1634 strat.
387 1594 418 1634 et
434 1591 573 1655 praetetea
593 1574 703 1636 floret:
722 1592 828 1636 tetram
843 1586 916 1638 amat,

260 1658 398 1736 ternique
416 1657 523 1734 operiri
541 1676 599 1716 non
621 1655 694 1718 vult.
713 1653 754 1717 Et
774 1674 857 1716 unum
874 1651 916 1710 hoc

261 1733 364 1798 seritur
386 1755 447 1798 non
467 1753 556 1797 arato.
576 1734 692 1816 Quaerit
712 1736 838 1798 maxime
853 1731 916 1824 subu:

261 1815 337 1890 losa,
358 1818 391 1880 δι
414 1818 508 1889 sicca,
523 1833 551 1877 at
573 1837 608 1876 ue
623 1819 709 1878 etiam
723 1815 847 1879 arenosa.
865 1809 916 1872 coh

260 1899 361 1980 utique
381 1919 440 1958 non
461 1898 534 1960 vult.
571 1898 917 1976 telluremadeuanmu

285 1982 396 2040 uamvis
422 1977 574 2040 frutectoso
594 1978 659 2039 -solo
681 1979 841 2060 conjectum
860 1977 915 2035 inter

260 1997 333 2119 dolia
349 2058 532 2140 vepresque,
549 2059 585 2119 ad
603 2076 709 2130 terram
729 2079 825 2122 tamen
843 2053 916 2116 radice

261 2143 425 2220 perveniat.
444 2138 631 2222 pinguescere
656 2140 713 2202 hoc
734 2140 796 2202 satu
812 2133 916 2202 arvati-

261 2217 388 2301 ueasque
407 2220 540 2281 diximus.
554 2219 654 2302 Itaque
665 2221 740 2282 adeb
756 2243 816 2283 non
832 2241 847 2281 e
864 2210 917 2276 etfi·

263 2319 333 2372 mo,
354 2316 387 2359 ut
399 2300 503 2380 optimi
521 2302 619 2361 vicem
638 2302 830 2384 repraesentet.
845 2239 917 2361 iiiiii·

260 2400 321 2462 que
337 2377 412 2440 aliud
429 2380 508 2440 nullo
519 2382 668 2463 impendio
683 2383 811 2460 constat,
821 2371 917 2518 ut310d

264 2481 304 2522 ne
321 2458 433 2522 serendi
453 2462 571 2544 quidem
587 2463 676 2544 gratid
698 2485 772 2545 opus
793 2467 829 2525 sit
850 2455 918 2522 afer·

262 2563 306 2603 re.
327 2541 458 2603 Protinus
478 2541 578 2604 seritur
601 2565 637 2603 ex
655 2565 745 2606 arvo:
764 2566 797 2606 ac
812 2563 846 2604 ne
862 2538 917 2677 iffi·

266 2625 295 2706 gi
313 2623 430 2705 quidem
446 2623 579 2706 *postulat
596 2624 733 2686 decidens
750 2624 857 2709 sponte.
902 2617 919 2660 ’·

265 2725 404 2786 mumque
416 2706 547 2765 omniurn
556 2703 672 2780 seritur,
683 2706 866 2768 novissimum
875 2695 918 2759 tui·

265 2785 357 2844 litut:
377 2801 532 2867 utrumque
559 2783 723 2866 Septembri
749 2785 810 2848 fere
827 2775 918 2869 mense}

263 2864 333 2944 ¹quie
352 2865 376 2924 si
393 2885 457 2944 non
475 2869 626 2929 antecessit
654 2867 804 2943 hiemem,
825 2865 917 2946 trigon·
