2012 3588
254 329 463 402 Hrsron.
483 332 558 404 Lib.
585 331 664 407 XII.
718 355 764 432 23·

132 446 245 510 XXXV.
258 447 427 513 inciduntur
437 451 481 512 bis
493 454 526 515 δι
541 451 607 533 ipsae
619 497 630 525 ,
648 453 766 517 iisdem·

102 549 151 610 que
170 533 366 614 temporibus,
391 532 440 593 sed
460 555 477 592 a
498 533 595 594 radice
619 533 705 618 usque
727 535 765 598 ad

105 629 185 670 tanos
201 617 242 695 qui
268 614 380 676 valent.
409 611 519 676 Sudant
544 633 643 676 autern
663 615 765 698 sponte

105 693 181 771 priris,
196 693 280 775 quim
304 695 484 768 incidantur,
509 693 614 757 statien
643 695 766 772 ditum,

95 871 433 1020 {xvmynffiogtgffiom
457 938 539 1014 deo,
567 905 704 1024 sunniam
731 941 766 1004 δε

94 1015 160 1093 apud
176 1019 245 1079 alios
263 1019 400 1082 nascitur.
424 1019 499 1103 Regi
516 1039 614 1082 tamen
632 1019 767 1086 Gebani·

93 1109 174 1156 tarum
191 1118 306 1182 quartas
322 1118 418 1182 partes
439 1099 499 1180 ejus
521 1103 659 1183 pendunt.
680 1101 768 1164 Cete-

94 1177 229 1320 ttrite
244 1183 768 1326 :attentarant

95 1335 161 1399 haud
175 1285 448 1440 ditiifulter‘isdoris
466 1281 559 1428 gatque
584 1283 768 1428 pingugedinis

95 1437 270 1502 argumentis.

133 1501 175 1564 16.
190 1501 309 1568 Genera
320 1506 470 1590 complura
479 1529 487 1569 ι
497 1504 712 1604 Troglodytica
723 1507 770 1568 sil·

96 1579 224 1646 vestriun
247 1591 349 1669 prima.
374 1587 504 1671 Sequens
525 1587 651 1660 Mrnaea,
669 1609 699 1648 rn
712 1589 770 1671 qua
895 1588 900 1596 ’

97 1661 310 1730 &Atramitica
327 1667 383 1744 est,
402 1671 435 1731 δι
455 1667 594 1731 Ausaritis
613 1668 771 1732 Gebanita·

99 1762 154 1804 rum
171 1767 201 1808 re
241 1771 269 1813 o.
292 1749 393 1811 Tertia
409 1747 541 1811 Dianitis.
553 1748 667 1829 Quarta
683 1751 773 1811 colla·

99 1825 162 1887 titia.
182 1769 297 1910 Qgtiinta
310 1830 501 1893 Sembracena
511 1876 521 1905 ,
533 1851 550 1891 a
564 1832 680 1900 civitate
693 1834 772 1914 regni

102 1901 251 1974 Sabaeorum
281 1915 352 1973 mari
379 1912 522 1996 proximi.
543 1909 656 1984 Sexta,
683 1932 771 1995 quant

103 1980 232 2055 Dusaritin
252 2001 373 2057 vocant.
395 1992 443 2054 Est
458 1992 623 2054 &candida
635 2009 772 2054 unotan·
828 2047 829 2052 ,

105 2066 156 2127 tim
167 2071 244 2150 loco,
262 2095 328 2158 quae
341 2077 370 2134 in
381 2072 533 2135 Meffalurn
545 2073 688 2157 oppidum
699 2095 776 2150 con·¹

108 2141 189 2216 fertur.
202 2155 344 2219 Probatur
355 2154 570 2238 Troglodytica
580 2155 773 2238 pinguedine,

110 2225 135 2288 &
180 2235 217 2298 bd
232 2237 271 2300 as
288 2236 349 2298 eiiu
361 2237 469 2297 aridior
480 2235 541 2310 est,
553 2235 725 2320 sordidaque
737 2243 772 2297 ae

112 2303 152 2366 bu
168 2336 227 2394 ara,
250 2259 305 2380 ὦ
331 2320 424 2380 acrior
445 2319 558 2380 ceteris.
578 2316 773 2386 Semisracena

119 2395 229 2464 Pfaediffis
251 2416 331 2461 caret
348 2401 449 2474 vitiis,
473 2416 539 2459 ante
561 2400 633 2459 alias*
653 2398 772 2467 hilaris,

116 2465 156 2530 sed
170 2480 272 2544 viribus
291 2481 396 2542 tenuis.¹
415 2479 449 2541 ln
466 2481 586 2563 plenum
599 2495 773 2562 autempro·

111 2546 175 2615 batio
189 2562 228 2625 est
246 2563 363 2624 minutis
377 2561 487 2644 glebis,
499 2579 557 2620 nec
577 2559 710 2620 rotundis
720 2601 730 2632 ‚
742 2559 774 2618 in

110 2649 229 2705 concretu
258 2642 404 2704 albicantis
429 2641 505 2702 succi
530 2641 562 2702 δι
578 2636 771 2701 tabescentisa

113 2727 183 2797 utque
197 2722 284 2785 fratta
301 2723 441 2786 candidos
463 2739 572 2864 ungues
592 2719 712 2791 habeat,
723 2727 774 2810 gu}
815 2797 821 2808 .

114 2787 149 2852 stu
164 2798 262 2867 leniter
281 2825 386 2866 amara.
408 2802 503 2876 Setun
525 2819 542 2862 a
564 2801 679 2864 bonitas
698 2801 774 2861 intus
819 2815 822 2822 ’

113 2879 186 2944 vatia.
194 2883 425 2963 Pessima,intus
434 2881 621 2968 nigratpejor
627 2884 675 2958 ,si
685 2883 774 2946 etiarn
