1942 3586
181 218 439 342 aaron.
464 269 634 344 Liuxv,
690 291 756 374 ¹35

84 391 147 455 titio
165 411 282 474 operte,
293 411 353 451 non
373 393 627 472 naturae,parrsia‚
638 395 683 453 tui
695 393 761 473 plu·

84 475 178 535 timum
198 475 317 533 carnis:
339 491 411 532 mox
438 472 588 542 orchites,
612 474 659 532 rui
680 473 766 534 oleit

84 552 140 636 pisi
161 553 267 614 radius.
294 549 356 612 Has
373 553 452 614 enim
472 551 608 612 ocissime
634 569 760 635 occupad

85 651 137 706 tas,
154 635 221 717 quia
241 632 306 694 sunt
332 635 517 705 tenerrimae,
535 652 648 693 amurca
679 635 759 716 cogit

85 715 220 777 decidere.
238 707 422 774 Disserumur
445 715 518 774 verb
542 713 762 774 eriaminMar·

85 797 150 856 tium
166 794 296 856 mensem
321 793 454 869 callosae,
481 810 581 855 contra
604 795 760 856 humorem

85 895 239 958 pugnaces,
256 875 298 936 ob
312 875 341 934 id
382 876 532 936 emininrae
542 916 553 948 ,
563 873 686 950 Licinia,
698 871 759 936 Co·

84 959 181 1031 ninia,
202 953 329 1029 Guntia,
398 957 468 1037 gia,
489 975 575 1036 qnam
595 953 693 1016 Sabini
713 975 759 1018 re·

84 1040 151 1118 giam
164 1053 290 1111 vocant,
305 1055 365 1096 nnn
389 1052 455 1096 ante
478 1034 598 1098 Favonii
619 1036 759 1098 adflatum

84 1115 285 1199 nigrescentes,
303 1117 361 1178 boc
381 1115 424 1177 est
445 1136 471 1178 a.
490 1115 518 1176 d.
538 1135 585 1178 vr.
596 1114 663 1178 idus
672 1116 760 1179 Febr.

85 1195 165 1258 Tunc
175 1197 346 1258 arbitrantur
359 1215 407 1257 eae
419 1195 626 1259 maturescere:
640 1199 671 1259 ἃ
684 1218 759 1280 quo·

84 1279 153 1339 uiam
162 1279 483 1360 probatissimumexiis
494 1275 543 1338 fiat
552 1277 662 1352 oleum,
673 1297 759 1341 acce·

84 1357 149 1420 dere
163 1361 249 1420 etiarn
267 1360 342 1419 ratio
375 1359 486 1422 ravitati
501 1357 630 1419 videtur.
637 1358 760 1419 Ferunt·

85 1459 136 1520 que
153 1436 259 1522 frigore
279 1379 452 1500 stetissemus
462 1436 545 1513 fieri,
559 1441 759 1520 situtcupiam

84 1523 254 1582 maturitate:-
274 1521 341 1580 ciam
357 1522 394 1580 sit
407 1519 457 1580 illa
474 1519 586 1580 bonitas
602 1540 661 1580 non
683 1539 760 1580 teme

84 1603 175 1680 poris,
190 1599 240 1661 sed
250 1600 392 1740 generis,
403 1600 483 1660 tarde
494 1599 718 1680 putrescentium
728 1603 759 1660 in

85 1700 230 1744 amurcam.
272 1683 355 1740 'milis
374 1700 455 1741 error
477 1677 626 1741 collesiam
647 1681 761 1742 servan·

86 1759 113 1820 di
130 1763 158 1820 in
175 1761 325 1832 tabulatis,
341 1781 395 1822 nec
410 1758 494 1842 prius
530 1781 577 1820 am
591 1759 674 1822 sudet

86 1841 175 1902 mendi
188 1863 196 1903 t
208 1845 276 1904 cirm
294 1844 374 1902 omni
386 1841 470 1902 mori
485 1863 505 1902 ο
517 1860 584 1901 eum
599 1840 667 1902 decr
697 1858 762 1918 cat,

87 1941 191 1984 amurca
207 1937 354 2006 augeatur.
380 1920 482 2004 ltaque
503 1920 594 2004 vulgi>
615 1941 676 1982 non
696 1941 762 1982 am·

86 2003 153 2082 plius
170 2003 250 2065 senas
270 2003 356 2064 libras
377 2003 498 2085 singulis
518 2000 623 2063 modiis
637 2003 762 2083 exprimi

84 2083 186 2146 dieunt.
210 2083 347 2146 Amurcae
386 2081 548 2143 mensuram
573 2102 663 2145 nemo
686 2103 701 2142 a
722 2083 761 2156 't,

84 2167 184 2246 quant
204 2185 240 2226 ea
259 2165 413 2248 eopiosior
428 2164 586 2246 reperiatur
602 2164 632 2224 in
654 2184 691 2226 eo
712 2183 762 2226 em

85 2263 183 2326 genere
206 2246 310 2306 diebus
332 2241 456 2306 ad'effis.

121 2323 251 2388 Omnino
268 2327 299 2386 in
317 2268 378 2386 virs
399 2345 479 2386 error
501 2323 542 2386 ess
555 2323 709 2421 publicus,
720 2339 763 2384 m·

84 2423 161 2466 more
175 2407 261 2469 olivae
270 2405 399 2468 crescere
409 2405 507 2467 oleum
517 2405 762 2465 existimantium:

89 2486 236 2563 prasertim
261 2489 328 2550 cunr
351 2485 547 2568 magnitudine
573 2486 687 2564 copiam
702 2483 763 2542 olei

85 2583 142 2626 non
157 2566 301 2638 constare,
319 2568 427 2628 indicio
447 2565 503 2623 sint
522 2581 586 2644 quae
604 2565 690 2644 regia
705 2583 763 2624 vn·

87 2664 200 2723 eantur,
216 2649 253 2710 ab
273 2648 333 2709 alii's
353 2644 522 2725 maiorinae,
541 2641 576 2702 ab
597 2641 658 2702 aliis
677 2639 764 2724 phane

88 2724 144 2801 lite,
158 2730 373 2811 grandissima,
392 2725 499 2822 alioqui
520 2724 642 2786 minimo
662 2741 761 2788 succo·

87 2802 123 2866 Ea
141 2807 529 2895 iaAEgyptncarnnsieeuuie
541 2803 601 2871 olei
613 2803 759 2890 exiguum·
