1954 3594
105 259 108 264 ¹
204 311 409 387 tristor.
434 313 641 390 uuxvtu.
690 335 758 408 401
807 413 810 426 ι

80 431 151 494 Hoc
167 429 263 494 Graeci
285 435 323 494 ita
343 432 483 496 definiunt
502 457 511 498 t
532 438 599 497 clun
617 436 654 497 sit
671 435 763 508 calida

80 515 115 576 &
135 513 262 574 humida.
280 514 419 597 Virgilius
431 517 554 576 triticum
566 517 598 578 δι
608 515 667 576 sara
684 515 763 579 Ver·

78 594 211 677 gillarum
236 595 337 656 occasu
359 597 412 658 seri
434 595 537 674 jubet,
557 597 700 658 hordeum
719 600 764 660 in·

77 693 125 736 ter
143 675 345 756 {equinoslium
366 680 494 738 autumni
509 680 541 741 ἃ
554 678 686 740 brumam
699 701 707 741 ε
720 680 764 742 vl·

76 759 156 816 ciam
175 759 266 827 verb,
283 756 407 820 saseolos
419 760 451 820 δι
465 759 593 832 lentem,
609 758 704 820 Boote
715 781 764 823 uc·

75 837 206 898 cidente.
228 835 301 918 Quo
322 835 370 913 sir,
392 856 423 899 ut
439 840 542 901 horum
555 839 680 902 siderum
692 839 762 902 alio·

65 938 204 999 ¹rumque
223 937 338 980 exortus
358 919 524 982 &occasus
545 920 693 1002 digerendi
706 922 761 984 sint

74 999 111 1058 in
132 997 197 1058 suos
224 1001 294 1060 dies.
322 997 392 1060 Sunt
413 1001 513 1082 qui&
532 1021 598 1062 ante
618 999 761 1084 Vergilia-

75 1099 145 1140 rum
161 1079 293 1140 occasum
303 1077 353 1139 seri
363 1077 497 1160 jubeant,
507 1083 652 1152 dumtaxat
662 1085 692 1142 in
706 1084 762 1144 ari·

75 1159 118 1220 da
134 1161 228 1233 terri,
246 1160 399 1242 calidisque
421 1161 761 1242 provinciist'Custodiri

74 1242 158 1302 enim
178 1239 293 1312 semen,
314 1260 519 1326 corrumpente
539 1245 681 1320 humore,
701 1246 761 1307 &a

74 1322 215 1405 proximo
246 1323 342 1384 imbre
359 1343 421 1384 uno
439 1325 487 1396 die
507 1345 671 1406 erumpere.
699 1323 761 1394 Alii

73 1401 173 1464 statim
191 1403 227 1464 ab
248 1402 350 1465 occasu
370 1402 418 1466 Ve
454 1405 564 1464 'liarum
594 1403 675 1501 sequi
704 1407 762 1474 im,-

73 1484 163 1558 διες,
179 1505 197 1544 a
214 1483 418 1565 septimo-sere
457 1488 493 1547 ie.
511 1485 612 1568 Aliqui
635 1507 664 1546 rn
683 1485 761 1627 sripi

74 1565 121 1625 dis
144 1564 181 1624 ab
202 1564 373 1646 aequinodlio
393 1569 522 1628 autumni
536 1590 545 1628 ι
559 1569 590 1627 in
607 1567 706 1628 calidis
733 1588 760 1630 e·

72 1648 136 1706 rius
144 1689 155 1718 ‚
169 1667 206 1706 ne
217 1664 284 1708 ante
296 1647 423 1707 hiemem
439 1647 588 1709 luxurient.
604 1645 682 1710 Inter
694 1668 761 1722 om·

74 1747 129 1788 nes
147 1745 245 1788 autem
263 1729 402 1790 convenit
422 1730 499 1788 circa
513 1727 645 1790 brumam
664 1727 762 1790 seren·

66 1808 148 1870 ‚dum
164 1830 224 1868 non
248 1806 323 1882 elle,
339 1821 445 1896 magne)
474 1827 665 1891 argumento:
687 1829 763 1892 quo·

76 1889 155 1950 niam
173 1888 293 1950 hiberna
315 1888 444 1962 semina,
464 1890 530 1949 clun
544 1907 610 1952 ante
627 1890 761 1953 brumam

74 1969 135 2034 sata
164 1971 239 2045 sint,
262 1967 385 2053 septimo
404 1970 451 2034 die
472 1984 554 2044 enam
574 1985 639 2032 ant:
655 1971 761 2053 sipost

73 2051 230 2126 brumam,
250 2052 541 2134 vixquadragesimo.
594 2068 626 2111 nt
636 2053 684 2123 qui
696 2070 763 2134 pro·

69 2129 82 2182 .'
96 2148 202 2207 erent,
224 2150 252 2195 at
274 2153 311 2193 ue
331 2134 370 2193 ita
386 2130 761 2214 pronuntient‚.seslinatam
806 2174 809 2179 -

72 2155 239 2275 sementem
254 2155 335 2295 laepe
357 2215 492 2296 decipere
503 2255 513 2287 ‚
525 2211 682 2276 serotinam
692 2213 762 2278 seru·
849 2275 851 2280 .

75 2315 139 2375 per.
162 2293 186 2354 E
201 2297 342 2358 contrario
363 2295 430 2371 alii,
446 2296 495 2356 vel
509 2315 581 2358 vere
621 2300 697 2359 otius
715 2295 762 2358 se.-

67 2373 214 2450 .rendum,
232 2375 318 2457 quitur
338 2378 417 2440 malo
435 2394 585 2438 autumno.
597 2317 696 2460 fitque
708 2377 759 2438 ubi

74 2453 163 2518 suerit
181 2453 315 2530 necesse,
335 2458 409 2518 inter
418 2455 579 2522 Favonium
590 2458 622 2518 δι
635 2477 760 2520 vernum

74 2535 290 2620 aequinodlium.
505 2605 506 2608 Ἴ

117 2615 251 2696 Quidam
269 2615 375 2680 omissi
386 2613 490 2680 caelesli
499 2613 667 2686 subtilitate,
684 2631 759 2676 tem·

74 2699 198 2780 poribus
221 2697 371 2760 definiunt.
392 2696 472 2758 Vere
496 2697 610 2772 linum,
629 2698 662 2759 δι
683 2716 759 2756 ave·

66 2799 166 2854 mm,
185 2780 218 2840 δι
237 2800 386 2862 papaver:
402 2795 489 2860 atque
509 2781 552 2840 uti
574 2799 649 2838 nunc
671 2778 758 2837 eriam

74 2857 274 2962 Transpadani
295 2859 430 2938 servant,
448 2857 536 2944 usque
554 2861 584 2922 in
604 2857 759 2944 Quinque?
