1934 3592
203 301 250 376 “H
257 321 429 376 rsron.
444 303 516 375 Lib.
538 301 636 376 XVI.
688 327 758 400 227

83 417 119 484 ria
136 422 248 501 arundo
265 444 281 484 a
302 423 467 485 Panhormo
485 422 761 508 laudatissimazpis·

84 507 184 566 catoria
201 505 359 566 Abaritana
379 525 414 566 ex
431 501 543 566 Africi.
597 574 604 584 .

117 585 237 650 LXVII.
257 584 417 647 Arundinis
428 583 518 647 Italiae
534 583 597 646 usus
608 585 758 650 advineae

81 669 211 729 maxime.
231 665 307 729 Cato
325 665 378 728 seri
395 688 459 728 earn
473 665 558 748 jubet
579 669 609 728 in
632 667 758 730 humidis

80 750 169 830 agris,
188 749 298 832 bipalio
327 745 441 809 subaiio
461 749 541 830 pribs
560 745 644 822 solo,
664 751 759 811 oculis

80 827 219 912 dispositis
233 829 388 891 intervallo
408 845 556 890 ternorum
574 829 693 914 pedum.
710 828 759 892 Si·-

79 911 134 970 tnui
146 911 178 974 δι
186 909 353 981 corrudam,
363 910 441 972 unde
450 907 573 996 asparagi
585 909 671 974 fiant:
683 907 761 976 coni

79 991 195 1054 cordate
211 994 290 1053 enirn
308 993 473 1052 amicitiam.

119 1093 165 1155 37.
183 1071 307 1134 Salicem
318 1071 391 1135 verb
403 1071 495 1134 circi:
511 1071 568 1156 qui
577 1073 655 1136 nulia
667 1095 760 1158 aqua·v

80 1151 195 1216 ticarunr
209 1154 332 1228 utilior,
355 1153 422 1214 licet
446 1155 548 1236 populi
565 1153 671 1216 vitibus
692 1156 756 1238 pla·
799 1197 810 1218 .

80 1251 180 1310 ceant,
196 1235 229 1298 &
246 1233 375 1296 Caeruba
397 1234 538 1297 educent:
558 1233 626 1298 licet
645 1236 758 1298 alnise·

79 1315 762 1398 pibusrnuniant‚contraqueerumpentiumatn··

80 1395 156 1458 nium
173 1399 316 1480 impetus,
328 1399 453 1480 riparum
471 1417 555 1458 muro
566 1400 595 1457 in
604 1399 695 1460 tuteli
709 1419 755 1459 ru·

80 1478 116 1537 ris
138 1479 276 1540 excubent
295 1480 325 1537 in
343 1478 418 1560 aqui
434 1478 519 1552 satae,
534 1477 671 1562 cae'saeque
680 1477 755 1542 den·

82 1557 136 1618 sibs
151 1559 300 1620 innumero
310 1557 428 1620 'herede
446 1561 569 1640 prosint.

89 1633 229 1702 ‘vaui
240 1639 339 1701 Salicis
348 1637 441 1701 statim
452 1639 533 1722 plura
544 1637 754 1722 generaNanr·

82 1739 134 1801 que
152 1721 225 1783 &in
242 1723 444 1804 proceritatem
464 1739 600 1804 magnam
621 1721 759 1782 emittunt?

81 1796 756 1885 jugis'vinearurnperticas,pariuntquebaltheo

82 1885 189 1944 corticis
205 1882 338 1945 vincula:
361 1885 395 1946 &
413 1883 476 1943 aliae
499 1885 595 1964 virgas
626 1879 755 1964 sequacis

82 1959 275 2044 adpviniiuras
294 1964 421 2025 ientitiae.
437 1964 514 2024 Aliae
529 1977 689 2044 praetenues
707 1965 755 2026 vi·

86 2046 197 2107 minibus
207 2047 338 2108 texendis
348 2043 491 2128 speiiabili
503 2041 665 2106 subtilitate.
676 2041 755 2106 Ruri

86 2115 124 2185 sus
141 2126 198 2187 aliae
217 2123 362 2188 firmiores
391 2125 545 2201 corbibus,
569 2145 601 2186 ac
621 2123 754 2210 plurirnae

15 2261 16 2264 ,
85 2203 465 2290 agricolarum-supelletiili:
486 2203 759 2270 candidioresabia·'

85 2299 111 2347 to
122 2291 246 2364 corrice,
264 2290 381 2372 lenique
397 2290 531 2365 trabatu,
542 2289 690 2351 vilioribus
699 2309 753 2350 va·

83 2369 133 2443 sis,
152 2371 237 2454 quiin
258 2387 321 2430 ute
343 2371 424 2431 corio
439 2368 507 2431 fiant
525 2394 532 2432 :
553 2387 640 2452 utque
665 2371 753 2450 etiam

82 2445 231 2532 supinarum
253 2454 282 2512 in
304 2451 421 2512 delicias
430 2451 628 2512 cathedrarum
638 2453 752 2530 aptissi-

80 2529 136 2594 rnae.
154 2529 264 2595 Caedua
281 2530 357 2593 salici
375 2529 526 2602 fertilitas,
549 2528 666 2589 densior
685 2546 752 2588 ton·

79 2609 148 2687 sura,
162 2636 199 2675 err
213 2614 298 2675 brevi
316 2631 415 2696 pugno
433 2607 752 2692 veribs‚qubmramo:

79 2711 151 2771 non,
167 2711 199 2755 ut
218 2699 330 2767 remur,
345 2697 376 2754 in
388 2692 555 2755 novissimis
573 2687 698 2750 curandi
712 2710 754 2749 ar·

76 2774 154 2836 bore.
171 2775 287 2848 Nullius
313 2778 422 2860 quippe
442 2774 531 2851 tutior
554 2767 596 2832 eri
622 2769 754 2846 reditus,

79 2853 227 2923 ritinorisve
242 2857 381 2940 impendii
391 2897 402 2932 ,
415 2867 462 2918 aut
480 2849 682 2996 t'ernpKeiiaturn
703 2849 719 2914 s
753 2889 756 2894 ,

80 2955 178 3002 cunor.
595 2955 627 3017 v]
