1932 3588
173 290 413 366 Hrrron.
436 293 510 366 Lib.
523 292 638 366 xvtr.
691 313 763 387 305

80 427 122 476 tut
132 435 143 484 t¹
157 416 264 477 verim
281 415 316 476 dt
336 414 412 496 exigi
423 409 566 474 mensurd.
582 409 763 492 Maiepasti·

80 513 171 556 uatum
204 494 433 577 deprehendunt
461 493 574 554 scamna
603 491 766 573 inequalie.

79 575 223 638 Metienda
244 574 286 636 est
307 577 342 638 δι
365 597 399 638 ea
418 596 505 657 pars,
524 595 589 656 quae
613 569 764 650 interjacet

78 655 191 736 pulvini.
216 654 334 717 Surculi
356 656 486 718 seruntur
507 657 541 718 δι
558 657 588 714 in
605 651 706 716 scrobe
726 655 760 716 δι

78 737 104 796 in
120 735 198 798 sulco
219 737 380 821 longiore,
399 737 483 820 super
507 756 583 819 quoe
606 736 766 796 tenerrime

78 818 209 899 ingeritur
229 835 320 880 terra.
339 816 400 880 Sed
417 821 447 879 in
464 815 560 901 gracili
570 814 633 879 solo
643 814 766 886 frustra,

78 899 126 958 nisi
140 896 283 962 substrato
307 901 477 982 pinguiore.
490 897 520 958 N
522 919 555 958 ec
567 899 662 958 minin
675 895 764 979 quim

78 977 145 1040 duos
162 981 253 1063 integi
272 997 413 1062 oportet,
430 980 462 1042 δι
484 981 646 1061 proximam
662 977 763 1060 attingi

78 1073 193 1122 terram:
211 1061 326 1124 eodem
346 1061 454 1144 paxillo
466 1061 591 1144 deprimi
603 1060 636 1121 dt
648 1056 767 1140 spissari*

79 1136 208 1202 lutereffe
232 1144 264 1202 in
282 1143 429 1225 plantario
443 1140 624 1224 sesquipedes
634 1139 765 1202 interbi-

79 1239 113 1280 ua
135 1220 244 1284 semina
269 1225 301 1284 in
333 1223 537 1296 latitudinem,
557 1225 587 1281 in
605 1221 763 1304 longitudi-

80 1321 142 1362 nem
162 1301 301 1366 semisses.
320 1303 366 1368 Ita
388 1302 462 1366 satos
486 1301 638 1375 malleolus
658 1319 765 1384 quarto

81 1381 270 1447 &vicesimo
289 1384 392 1448 mense
413 1385 542 1460 recidere
559 1382 596 1444 ed
614 1386 705 1444 imum
719 1403 765 1443 ar·

80 1463 209 1541 ticulum,
223 1467 281 1529 nisi
301 1469 360 1551 ipsi
379 1479 518 1552 parcatur.
539 1463 703 1527 Oculorum
720 1466 764 1524 in·

82 1542 115 1605 de
130 1549 246 1611 materia
264 1552 465 1620 emicat,curn
483 1546 541 1628 qui
561 1543 642 1607 sento
660 1566 694 1606 ac
712 1545 765 1604 tri·

82 1628 183 1690 cesino
198 1632 304 1692 mense
323 1629 464 1693 viviradix
478 1625 655 1690 transfertur.

117 1707 215 1772 Est&
235 1708 382 1774 luxuriosa
396 1711 468 1770 ratio
485 1711 559 1770 vites
579 1705 710 1778 serendi,
730 1721 767 1766 ut

84 1806 198 1866 quatuor
215 1791 351 1856 malleoli
371 1790 538 1854 vehementi
546 1786 664 1850 vinculo
680 1785 764 1846 colli·

84 1885 178 1944 gentur
190 1873 221 1934 in
253 1890 318 1936 erte
329 1870 491 1935 luxuriosi:
507 1888 593 1951 atque
604 1870 643 1928 ita
651 1868 701 1927 vel
711 1885 763 1947 per

83 1945 136 2010 ossa
153 1895 253 2016 bubuii
275 1955 382 2026 crutis,
398 1953 450 2016 vei
459 1971 512 2032 per
523 1949 598 2010 colla
607 1946 702 2008 finilia
711 1965 765 2006 trev

83 2023 160 2106 jedi,
177 2035 339 2098 obruantur
359 2035 436 2094 binis
458 2029 649 2092 eminentibus
681 2047 765 2112 gern-

85 2111 145 2174 mis·
162 2113 414 2179 Humescunthoc
425 2111 517 2176 modo
527 2155 540 2185 ‚
550 2112 691 2192 recisique
703 2108 764 2192 pal*-

87 2192 180 2256 uitem
201 2202 352 2262 emittunt.
371 2194 475 2258 Postea
494 2192 586 2256 fistula
605 2189 691 2254 fratte
713 2213 764 2253 rae

88 2269 130 2332 dix
146 2277 236 2343 libere
259 2281 337 2360 capit
356 2280 436 2338 vires
452 2275 468 2351 ,’
489 2295 603 2358 uvaque
622 2271 679 2336 fert
697 2293 764 2336 orn·

28 2415 32 2429 ,
86 2353 160 2418 nium
174 2381 334 2444 corporum
351 2358 467 2420 suorum
477 2360 586 2420 acinus.
600 2355 634 2416 ln
643 2357 701 2420 aiio
711 2376 769 2438 ge·

85 2451 149 2498 nere
166 2441 290 2506 inventu
314 2443 426 2503 novitio
453 2437 574 2500 finditur
590 2435 768 2506 malleolus,¹

86 2518 267 2608 meduildque
288 2520 387 2594 erasi,
415 2521 445 2580 in
468 2517 497 2579 se
522 2517 692 2598 colligantur
707 2515 764 2594 ipsi

86 2598 178 2662 caules
185 2649 202 2678 ,.
217 2609 259 2666 ita
276 2620 308 2666 ut
327 2601 450 2688 gemmis
467 2613 598 2680 parcatur
608 2596 765 2655 omni-mo·

89 2675 136 2740 do·
150 2679 231 2748 Turn
255 2682 405 2748 malleolus
426 2683 457 2740 in
485 2677 561 2741 terri
581 2673 655 2736 fimo
674 2672 771 2736 mixti

58 2773 61 2778 ·
87 2753 200 2839 seritur,
213 2768 246 2829 dt
257 2768 324 2830 curn
342 2761 474 2906 sparffere
490 2759 581 2904 coesst
595 2755 706 2832 caules,
716 2753 768 2814 de·

88 2838 188 2908 ilduur
196 2890 211 2924 ‚.
222 2846 388 2930 foditurque
422 2843 528 2926 epius..
568 2837 619 2902 alis
632 2859 697 2905 uvae
710 2835 770 2902 eci.
