1932 3588
102 315 105 322 ’
193 321 642 396 Hrsron.tib.xv1t
700 346 770 422 319

87 445 169 519 sunt,
185 444 319 511 molliore
331 443 387 503 hoc
399 444 519 504 vinculo
535 443 770 506 faceremalunt2

87 527 254 608 herbaque,
276 523 364 585 Siculi
379 545 465 606 quam
474 541 582 587 vocant
591 525 771 608 atttpeloclel·

85 627 175 672 mon:
187 605 303 668 Gracia
320 606 392 666 verb
408 603 539 668 universa
554 605 644 688 juneo
656 651 666 680 ,
676 627 770 688 cype-

86 708 139 762 ro,
158 687 239 751 ulvei.
256 685 420 747 Liberatam
439 706 556 770 quoque
579 687 701 749 vinculo
716 707 770 769 per

84 769 197 851 aliquot
218 767 282 828 dies
300 771 414 850 vagari,
427 767 647 830 &inconditam
659 767 769 851 spargi,

84 865 174 932 atque
192 850 222 909 in
242 846 338 918 terri,
361 867 449 929 quam
469 869 522 930 per
539 865 636 912 totum
663 869 770 912 annum

83 928 271 1012 spectaverit,
284 929 464 990 recumbere.
482 928 619 1012 Namque
639 947 671 991 ut
690 947 772 993 vete·

84 1015 147 1072 rina
157 1033 175 1070 a
189 1008 281 1092 jugo,
295 1010 425 1073 &canes
444 1005 560 1071 acursu
572 1011 717 1073 volutatio
731 1009 770 1072 'u-

5 1115 8 1120 ·
83 1108 154 1165 vat,
171 1093 211 1152 ita
225 1109 289 1151 tum
302 1091 449 1152 &vitium
460 1093 569 1174 porrigi
581 1091 713 1154 lumbos·
760 1124 770 1140 ·

83 1171 140 1234 bor
150 1191 269 1312 quoque
279 1169 338 1252 ipsa
346 1170 453 1253 gaudet
461 1172 582 1233 adsiduo
592 1172 686 1236 levata
697 1193 770 1234 oneb

81 1273 134 1330 rc,
153 1255 219 1314 simi
231 1255 256 1313 is
275 1250 431 1334 respiranti.
448 1249 586 1334 Nihilque
599 1251 640 1314 est
653 1255 683 1314 in
700 1273 770 1336 ope·
791 1251 799 1263 ’

83 1356 118 1398 re
138 1351 266 1407 natura,
283 1332 365 1416 quod
376 1353 437 1394 non
447 1333 584 1414 exemplo
595 1333 708 1395 dierum
719 1353 770 1396 no·

83 1415 233 1498 iliumque
250 1413 358 1496 aliquas
378 1416 459 1476 vices
472 1413 605 1476 feriarum
618 1415 701 1476 velit.
714 1413 768 1476 Ob

82 1498 115 1558 id
134 1497 266 1578 Protinus
288 1516 304 1554 a
321 1494 472 1556 vindemia
497 1497 611 1577 putari,
635 1497 669 1559 δι
688 1494 769 1557 lassas

83 1579 246 1640 etiamnum
263 1573 356 1636 frutlu
372 1576 471 1648 edito,
486 1577 676 1659 improbatur.
685 1575 771 1638 Puta·

83 1675 123 1720 tae
142 1657 236 1718 rursus
255 1656 302 1716 alli
323 1672 405 1716 entur
421 1656 478 1718 alio
491 1657 712 1740 locotnamque
723 1678 771 1718 or·

83 1739 163 1882 &aas
177 1738 286 1802 vinculi
302 1677 322 1797 ῗ

126 1897 277 1964 Traduees
297 1897 412 1962 Gallica
427 1897 538 1960 culturi
553 1901 613 1961 bini
624 1901 770 1982 utrimque

83 1982 240 2057 lateribus,
251 1982 353 2064 sipara
365 1980 551 2064 quadrageno
563 1978 648 2041 distet
662 1979 770 2063 spatio:

81 2063 240 2147 quaterni,
260 2064 285 2123 si
306 2064 435 2123 vicenos
452 2063 527 2123 inter
544 2060 573 2122 se
595 2061 678 2123 obvii
704 2061 772 2122 mis·

85 2160 205 2218 centur,
220 2143 429 2226 alliganturque
445 2142 502 2205 uni
524 2143 689 2218 conciliati,
711 2144 771 2206 viru

85 2224 236 2366 fiultomm
252 2225 391 2284 comitatu
405 2223 499 2286 obiter
515 2226 632 2308 rigomti
648 2224 705 2308 qui
723 2225 772 2286 de·

109 2307 204 2368 ciant:
222 2307 271 2366 aut
290 2307 315 2364 si
332 2305 458 2367 brevitas
478 2327 538 2368 non
554 2309 677 2389 patiatur
692 2305 771 2386 ipso·

82 2407 156 2447 tum
165 2431 177 2460 ,
192 2386 345 2468 adalligato
386 2388 576 2448 retenduntur
599 2391 630 2446 in
648 2383 773 2454 viduam

82 2467 224 2528 arborem
241 2487 329 2528 unco.
379 2465 514 2528 raducem
533 2467 645 2528 bimum
667 2471 771 2548 praeci·

82 2548 161 2610 'dere
189 2547 329 2610 solebant.
353 2546 491 2610 Oneratis
523 2549 599 2607 enim
628 2546 770 2608 vetustate

84 2629 193 2691 melius
212 2631 322 2692 donare
348 2645 487 2709 tempus,
508 2641 540 2686 ut
561 2625 708 2686 transilem
729 2626 772 2688 fa-

81 2712 184 2782 ciant,
201 2712 231 2770 ni
252 2711 386 2855 latfiatur
403 2708 582 2770 crassitudo:
601 2705 677 2768 alias
699 2707 771 2778 utile
811 2770 814 2776 ,

83 2789 266 2855 toros'futuri
304 2793 415 2854 raconis
433 2788 518 2876 pasci.
566 2867 598 2933 Ο
619 2869 626 2886 .

618 2891 652 2934 tv

314 1737 443 1813 entiunt,
461 1741 616 1802 vexatione
636 1759 697 1802 non
717 1737 771 1811 clu
793 1800 796 1806 ,
903 1736 904 1740 ’
