1942 3586
220 277 442 352 Hrsron.
456 281 530 354 Lib.
551 280 646 354 XIV.
697 299 742 382 95

480 381 486 397 Ι

109 396 217 462 AEtinm
237 399 292 461 fert
308 398 442 482 spionia,
459 421 548 540 puam
559 399 677 483 quidam
690 398 748 484 spi·

78 500 148 546 neam
172 498 302 554 vocant,
335 484 460 542 autumni
495 501 532 542 ue
554 481 746 544 &imbribus

80 561 226 646 pinguescit.
246 560 430 642 Quinimmo
449 583 486 624 ue
509 562 562 622 ulis
578 583 634 622 una
645 562 747 638 alitur,

82 642 113 702 ob
128 643 153 704 id
173 643 370 704 Ravennatia
403 665 422 704 o
442 642 750 725 peculiaris.Venicu·

77 721 122 788 latu
141 726 211 786 inter
232 723 351 808 optime
392 723 613 799 edorescemes,
632 725 665 786 &
679 724 745 784 ollis

74 803 748 887 aptissimam,Campanimdunrscirculamvo·

73 907 142 958 care,
150 889 197 948 alii
209 885 366 948 staculam:
375 883 531 947 Tarracina
541 888 747 961 numisianam,

72 967 148 1028 nullas
157 971 236 1030 vires
249 971 388 1108 proprias
398 966 575 1043 habentem,
590 966 639 1028 sed
653 986 746 1028 totam

72 1049 177 1128 perinde
196 1071 231 1110 ac
263 1049 349 1112 olum
371 1049 474 1110 valeat.
500 1045 673 1110 Surrentinis
702 1066 748 1110 ra-

71 1149 131 1190 men
155 1128 359 1192 efficacissima
380 1127 478 1198 testis,
501 1127 632 1190 Vesuvio
652 1148 748 1192 tenus.

71 1206 107 1268 lbi
121 1213 195 1272 enim
212 1209 404 1294 Murgentina
424 1230 441 1270 e
459 1207 555 1270 Sicilia
578 1211 747 1292 potissima,

71 1309 148 1430 poam
166 1291 381 1373 Pompeianam
411 1291 499 1430 alippii
518 1307 644 1360 vocant,
661 1290 747 1351 Latio

89 1390 179 1434 emurn
200 1371 351 1434 seracetn:
367 1373 440 1432 sicut
477 1373 596 1431 orconia
615 1373 645 1430 in
659 1369 750 1433 Carn-

70 1453 162 1532 panid,
177 1454 297 1528 ‘tantiam
319 1452 436 1515 vilitatis
458 1453 589 1526 cibariae,
602 1450 650 1512 sed
662 1451 750 1512 uber·

69 1547 120 1594 tate
143 1536 300 1617 praecipua.
331 1532 454 1596 Tolerat
467 1534 499 1596 δι
511 1553 601 1594 annos
622 1535 747 1606 metica,

71 1631 161 1676 contra
172 1613 349 1678 omnesidus
359 1613 633 1696 firmissima‚nigro
643 1614 746 1690 acino,
864 1663 866 1670 ,

43 1731 46 1742 ·
72 1695 137 1757 vinis
153 1697 183 1758 in
199 1693 347 1759 vetustate
362 1693 587 1756 rubescentibus.

108 1797 133 1858 3·
150 1783 188 1840 Er
205 1775 343 1840 hadenm
354 1775 470 1858 publica
485 1773 547 1835 sunt
559 1792 687 1858 ¹genera:
699 1793 749 1835 ce·

75 1869 127 1917 tera
146 1861 305 1943 regionum
335 1857 548 1938 locorumque,
565 1872 613 1915 aut
641 1875 677 1916 ex
703 1856 748 1916 his

74 1936 140 1998 inter
153 1939 182 2003 se
200 1942 291 2001 insitu
303 1941 400 2000 mixta.
419 1935 569 2018 Siquidem
580 1933 681 1997 Tuscis
696 1957 749 2019 pe·

79 2019 176 2082 culinis
188 2021 232 2082 est
245 2019 406 2093 Tudemis‚
422 2035 507 2100 atque
518 2020 605 2080 etiam
619 2016 680 2097 ejus
692 2039 749 2078 no·

79 2100 148 2162 minis
169 2103 328 2165 Florentia.
349 2097 398 2160 Est
415 2101 514 2180 opima
533 2098 637 2161 Aretio
659 2099 749 2181 talpa·

75 2198 125 2255 Μ,
142 2185 174 2247 &
189 2183 344 2255 etesiaca,
365 2182 397 2243 &
418 2179 598 2242 conseminia.
617 2177 749 2262 TaJpana

76 2263 147 2397 pigra
162 2263 320 2406 candicpurrp
334 2259 546 2404 sapprliprustppn.
555 2259 751 2404 §tffii'acafislanl-

88 2362 133 2416 υ,
240 2363 354 2406 uus
438 2364 476 2417 ‚e
520 2363 752 2404 auarrus·

79 2365 332 2508 ditzqdiierucinqdie,
346 2421 521 2485 fecunditate
545 2421 639 2484 cessat.
666 2419 751 2480 Con-

75 2500 186 2568 seminia
204 2509 303 2590 nigra,
318 2507 390 2566 vino
405 2505 525 2566 minime
542 2503 661 2562 durante
671 2546 681 2575 ‚
690 2499 750 2560 uvd

78 2588 213 2651 maximd:
274 2585 298 2648 st
318 2603 377 2648 xv.
396 2585 476 2657 dies,
496 2582 584 2665 quim
602 2580 660 2640 ulla
677 2580 749 2652 alia,

79 2669 207 2731 metitur:
235 2665 403 2742 entilis,sed
423 2665 536 2726 cibaria.
553 2658 648 2740 Hujus
660 2659 750 2734 solia,

80 2745 145 2810 sicut
162 2747 296 2812 labruscae
307 2791 318 2822 ‚
331 2749 410 2830 priits
424 2745 511 2828 quim
527 2742 680 2812 decidant,
691 2739 750 2802 san-

80 2830 178 2908 guineo
204 2830 305 2896 colore
332 2845 487 2894 mutantur.
515 2825 622 2892 Evenit
640 2823 750 2896 hoc&
