1942 3586
214 243 410 314 Hrsron.
433 241 507 314 Lib.
528 239 628 314 XIV·
682 263 751 336 129

85 361 233 508 prmulento
244 361 384 446 scyphum
392 362 557 445 impastum.
567 362 683 423 Etenim
690 339 753 424 haec

96 461 137 504 unt
148 446 289 506 ebrietatis
316 465 413 526 opera.
447 442 506 504 Sed
526 445 662 504 nimirum
679 441 754 506 hanc

88 521 190 605 gloriam
205 524 318 598 auferre
338 521 445 589 Cicero
469 523 565 585 voluit
580 521 757 602 interfedori

89 607 156 684 patris
175 603 216 666 sui
235 603 281 668 M.
300 603 442 666 Antonio.
462 601 492 666 Is
511 605 590 665 enim
606 621 673 666 ante
685 623 754 686 eum

88 684 235 748 aridissime
255 681 485 766 adprehenderat
509 685 582 746 hanc
609 685 755 768 palmam,

87 765 151 826 edito
161 769 245 828 etiam
256 767 409 828 volumine
419 765 456 828 de
466 764 514 826 sus
526 765 664 828 ebrietate
675 787 682 826 a
696 787 758 848 quo

85 849 242 926 patrocinari
268 848 324 908 sibi
351 845 452 930 ausus,
472 845 645 928 adprobavit
669 847 757 930 plane

84 923 440 1010 (utyeqtridemarbitror)
455 945 560 1008 quanta
569 928 642 988 mala
673 945 758 1003 erte:

42 1009 45 1022 ‘
85 1008 239 1070 mulentiam
255 1006 471 1070 terrarumorbi
489 1006 631 1070 intulillet.
687 1010 757 1092 iguo

85 1105 201 1170 tempore
220 1106 290 1150 ante
310 1089 445 1172 proelium
464 1087 613 1150 aoracum
627 1089 657 1150 id
668 1082 758 1151 v'olu'·

85 1188 143 1228 men
153 1172 286 1230 evomuit
297 1192 305 1230 ε
318 1189 377 1250 quo
388 1167 470 1230 facile
480 1165 651 1252 intelligatur
661 1170 757 1232 ebrius

84 1245 133 1327 jam
145 1247 279 1392 sanqqine
300 1251 407 1312 civium
417 1293 427 1322 ,
439 1249 471 1311 &
491 1252 572 1310 tanto
587 1253 677 1334 magis
689 1271 757 1312 eum

86 1330 180 1390 sitiens.
229 1350 337 1412 amque
356 1331 389 1390 dt
405 1329 466 1390 haec
483 1333 638 1393 necessitas
653 1333 759 1394 vitium

85 1413 247 1486 comitatur,
267 1427 302 1470 ut
325 1408 442 1470 bibendi
460 1409 637 1473 consuetudo
655 1427 759 1496 augeat

79 1491 254 1562 aviditatem.
279 1488 445 1573 scitumque
467 1490 508 1552 est
532 1489 706 1574 Scytharum
715 1493 759 1554 le·
814 1559 816 1564 ,

86 1573 154 1650 gari,
176 1594 193 1627 ιι
244 1588 318 1636 anto
331 1571 394 1653 plus
412 1569 536 1634 biberint
547 1617 557 1650 ,
568 1576 650 1634 tanto
665 1576 759 1658 magis

86 1655 187 1713 »sitire
224 1653 365 1714 orthos».
507 1652 511 1662 ’

119 1731 226 1796 ΧΧΙΧ.
246 1731 299 1795 Est
323 1730 546 1809 &Occidentis
568 1734 684 1814 populis
710 1733 760 1798 sua

88 1811 218 1887 ebrietas,
234 1813 282 1874 fru
304 1833 320 1874 e
339 1813 482 1882 madidi:
507 1811 635 1895 pluribus
661 1815 759 1876 modis

89 1893 252 1972 ptrGallias
296 1892 417 1975 ispanias
433 1913 488 1968 ue,
505 1891 669 1974 nominibus
681 1895 764 1972 aliis,·

89 1970 131 2033 sed
147 1980 259 2038 ratione
278 1975 391 2036 eadem.
413 1917 556 2056 dlispaniae
574 1972 632 2054 jam
650 1975 683 2038 δι
707 1997 763 2038 ve·

90 2052 210 2116 rustatem
219 2056 297 2126 ferre
311 2075 345 2116 ea
354 2075 458 2138 genera
467 2055 638 2118 docuerunt.
648 2056 762 2140 AEgyp·

90 2147 128 2192 tus
144 2156 263 2220 quoque
281 2155 298 2196 e
316 2134 398 2219 fruge
416 2136 469 2196 sibi
488 2152 573 2218 potus
593 2137 700 2199 similes
712 2160 762 2200 ex·

90 2217 242 2296 cogitavit:
266 2216 403 2298 nullique
426 2217 456 2277 in
477 2233 558 2299 parte
579 2219 679 2280 mundi
701 2217 763 2280 ces·

90 2290 127 2353 sat
143 2296 291 2357 ebrietas:
313 2316 410 2357 meros
434 2299 541 2380 quippe
565 2299 699 2360 hauriunt
720 2317 764 2360 ta·

91 2372 128 2434 les
148 2375 269 2451 suecos,
283 2396 337 2436 nec
348 2376 513 2458 diluendo,
532 2395 565 2438 ut
583 2381 670 2451 vina,
688 2381 765 2440 miti·

92 2473 163 2535 gant.
181 2457 224 2518 At
240 2458 373 2518 hercules
392 2459 450 2518 illic
468 2457 554 2516 tellus
569 2455 663 2538 fruges
702 2478 766 2519 are·

91 2553 120 2594 re
137 2537 301 2598 videbatur.
325 2535 412 2613 Heu,
429 2536 500 2596 mira
517 2537 654 2596 vitiorum
673 2480 764 2596 ddler·

91 2615 148 2688 tia,
164 2620 321 2679 inventum
344 2615 385 2679 est
412 2613 658 2698 quemadmodum
690 2637 764 2699 aqua

94 2715 204 2778 quoque
216 2697 380 2758 inebriaret.
393 2695 465 2759 Duo
479 2694 541 2757 sunt
557 2695 684 2778 liquores
700 2718 767 2758 cor·

92 2777 207 2856 poribus
217 2778 348 2847 humanis
361 2779 511 2862 gratissimi
520 2819 531 2854 ,
540 2777 615 2922 uptus
626 2777 706 2855 vini,
719 2775 766 2846 fo-
829 2809 834 2820 ¹

585 2880 608 2925 V
