1954 3594
190 318 400 392 Hrsroa.
419 313 493 386 Lib.
521 313 650 388 XVIII.
700 315 771 412 '367

81 435 225 510 modios,
239 437 273 498 &
309 435 406 496 ollinis
425 433 563 496 sextarios
578 436 716 518 quinque.
731 435 775 498 lta

81 537 189 580 autem
210 457 356 599 appellant
376 519 406 576 in
426 519 540 590 tritico,
560 517 641 598 quod
667 517 773 578 florem

83 602 114 660 in
146 598 271 682 siligine.
303 597 371 660 Hoc
396 599 501 657 aerariae
520 595 644 658 officinae
664 599 775 660 charta·

82 682 201 761 riaeque
223 697 348 740 utuntur.
369 678 511 740 Praeterea
525 677 690 740 'secundarii
712 677 775 740 sex·

82 765 180 822 tarios
202 778 343 842 quatuor,
362 757 561 841 furfurumque
578 759 775 823 iantumdem.

82 841 181 904 Panes
201 843 273 903 verb
287 861 303 902 e
318 841 419 902 modio
438 840 604 924 similaginis
630 857 734 902 cxxu.
755 850 773 904 e

81 923 169 984 slotis
191 924 293 984 modio
314 939 419 984 cxvu.
437 921 565 983 Pretium
597 922 662 982 huic
682 923 774 982 anno-

82 1004 122 1068 ni
144 1003 247 1064 medii
264 1004 294 1063 in
311 1003 428 1064 modios
439 1001 619 1077 farinae,xu.
633 1000 718 1063 alles:
736 1006 774 1063 si·

82 1084 218 1166 milagini
234 1082 359 1145 castratae
379 1083 488 1145 ollonis
504 1085 614 1144 assibus
633 1105 679 1144 am
702 1081 775 1159 lius,

82 1166 197 1248 siligini
209 1163 341 1226 eastratae
357 1164 487 1246 duplum.
505 1164 597 1226 Est&
611 1165 665 1240 alia
675 1105 776 1224 ‹listin-

83 1245 143 1309 slio
155 1247 344 1328 similaginis,
354 1263 486 1328 tempore
496 1244 530 1307 L.
541 1245 619 1306 Pauli
628 1262 709 1318 nata,
719 1247 776 1326 pri·

83 1345 133 1388 rua
159 1344 244 1388 xvrr.
264 1326 366 1408 pondo
385 1328 470 1408 panis
487 1325 613 1388 reddere
631 1324 707 1397 visa,
724 1325 775 1387 se-

84 1407 186 1468 cunda
204 1425 301 1470 xvuu
322 1409 406 1470 tertia
427 1423 498 1468 xrx.
519 1427 587 1469 cum
608 1409 727 1469 triente:
739 1408 773 1470 &

84 1486 247 1550 secundarii
266 1489 346 1570 panis
369 1490 469 1570 quinas
494 1486 629 1564 selibras,
649 1488 774 1549 totidem

84 1569 208 1643 cibarii,
228 1571 260 1632 &
278 1567 421 1630 furfurum
436 1567 572 1632 sextarios
587 1566 644 1630 sex.

126 1648 222 1732 Siligo
237 1670 396 1734 numquam
411 1649 573 1713 maturescit
586 1652 707 1732 pariter,
717 1669 774 1711 nec

86 1729 144 1792 ulla
166 1731 298 1814 segetum
325 1733 419 1792 minus
452 1730 621 1792 dilationem
647 1732 775 1813 patitur,

87 1830 212 1892 propter
230 1813 432 1885 teneritatem,
449 1814 482 1872 iis
521 1833 565 1872 uae
589 1828 771 1884 maturuere,

87 1895 220 1972 protinus
229 1912 350 1976 granum
360 1833 578 1954 dimittenrilsus.
589 1891 772 1964 Sedminirs,

87 1973 177 2054 quim
186 1991 282 2036 cetera
292 1973 448 2048 frumenta,
468 1975 498 2032 in
513 1973 615 2054 stipull
632 1972 774 2056 periclita-

87 2071 151 2127 tur,
169 2057 307 2138 quoniam
327 2053 440 2136 semper
466 2052 574 2115 reslam
601 2054 689 2114 habet
714 2051 772 2135 spi‘·
799 2075 802 2083 “

87 2155 173 2276 gaam:
191 2156 246 2200 nec
267 2157 365 2200 rorem
386 2135 532 2210 continet,
551 2135 600 2218 qui
611 2134 774 2218 rubiginem

118 2235 184 2280 crat.

128 2297 175 2366 Ex
200 2296 296 2360 arinci
317 2298 497 2360 dulcissimus
515 2298 614 2380 panis:
631 2295 689 2380 ipsa
702 2295 773 2378 spis-

89 2377 172 2452 sior,
192 2379 282 2460 qultrn
300 2378 359 2456 sar,
378 2381 411 2442 &
428 2378 520 2460 major
545 2377 640 2460 spica,
669 2379 773 2438 eadem

73 2459 122 2520 ’ἃ
138 2461 342 2541 ponderosior.
367 2459 447 2520 Rari>
461 2460 594 2534 xmodius
611 2460 690 2538 grani
711 2477 772 2516 non

89 2555 159 2602 xvr.
184 2540 282 2602 libras
296 2540 410 2622 implet.
433 2537 579 2598 Exteritur
606 2539 636 2595 in
656 2535 772 2598 Graecii

87 2619 263 2684 difficulter:
278 2622 318 2682 ob
334 2621 365 2681 id
381 2619 518 2701 jumentis
537 2616 598 2676 dari
613 2616 648 2675 ab
661 2615 773 2676 Home·
821 2653 822 2656 =

88 2721 123 2762 ro
145 2701 227 2764 diua.
246 2702 318 2762 Haec
331 2701 409 2762 enim
421 2697 483 2770 est,
494 2698 580 2780 quim
591 2696 706 2778 olyram
717 2716 774 2757 vo·

89 2798 148 2843 tat.
169 2781 277 2846 Eadem
294 2785 324 2844 in
337 2781 471 2864 AEgypto
485 2779 593 2852 facilis,
603 2773 769 2858 sertilisque.

88 2859 146 2930 Far
160 2861 322 2930 siricarius
341 2861 408 2926 ell‘:
431 2863 502 2927 item
530 2861 632 3023 siligo,
649 2857 770 2941 excepti

617 2944 648 3003 iv
