2012 3588
273 250 481 368 simron.
508 299 580 368 Lib.
607 261 700 372 inu.
755 311 802 398 53⁶

99 391 172 479 rem
184 418 344 498 'germinat
366 417 478 511 tantum
498 415 583 500 spicae
595 415 695 479 m'odo.
707 417 800 479 Utris-

105 518 170 578 que
180 513 279 560 autem
290 499 383 578 prima
399 495 521 558 nascrtur
532 500 615 580 pomi
628 519 695 559 caro
707 522 714 560 ι
724 495 803 581 post·

18 589 22 596 '
111 597 153 637 ea
177 577 287 658 lignum
315 581 422 650 intus,
446 577 503 639 hoc
522 577 590 654 est,
609 578 706 640 semen
728 577 799 660 ejus.

114 655 351 738 Argumentum,
363 657 450 740 ‘quod
468 679 566 740 parvae
589 662 650 720 sine
673 659 730 720 hoc
752 675 820 720 rei·-

110 741 264 819 pariuntur
285 741 315 799 in
342 739 451 800 eodem
478 741 607 820 palmite.
636 737 685 802 Est
703 757 801 802 autem

108 819 300 900 oblongum:
323 825 407 893 don,
423 836 454 880 ut
474 821 579 896 olivis,
598 820 801 884 orbiculatum.

107 899 258 960 Praeterea
275 897 378 960 caesum
391 922 408 960 a
425 900 511 962 dorso
524 902 673 982 pulvinard
685 900 805 976 fissurae

106 980 146 1042 &
166 983 198 1040 in
220 979 287 1040 alvo
305 981 402 1040 medid
423 980 563 1064 plerisque
581 982 799 1058 umbilicatum3

106 1060 193 1126 unde
214 1062 340 1140 primirm
358 1059 495 1143 spargitur
516 1063 605 1124 radix.
624 1061 732 1124 Seritur
752 1069 803 1125 au·v

106 1157 178 1202 tem
198 1161 343 1221 pronum,
362 1145 394 1204 δι
416 1143 483 1202 bina
493 1141 572 1222 juxti
582 1147 744 1226 composita
753 1144 803 1206 se·v

105 1224 210 1290 urina,
230 1219 372 1302 superque
392 1223 534 1296 totidem,
556 1227 692 1308 quoniam
717 1223 798 1286 infir·

105 1323 164 1366 ma
188 1303 232 1362 sin
252 1301 306 1362 ulis
324 1303 421 1382 planta
439 1303 500 1366 est:
541 1323 667 1366 uaternae
689 1305 802 1368 coales-

107 1399 199 1445 cunt.
255 1382 319 1444 uitis
334 1327 637 1468 candidisqueiignum
648 1387 703 1448 hoc
716 1407 803 1448 acar*

106 1464 203 1526 nibus
219 1461 387 1524 discernitur
404 1467 522 1539 tunicis,
538 1469 600 1527 aliis
621 1469 739 1549 corpori
750 1469 801 1528 ad-

109 1544 293 1606 haerentibus
304 1544 444 1632 :iateque
457 1545 576 1620 distans,
589 1551 699 1608 tantum
713 1567 801 1609 cacu-
904 1603 912 1616 .
950 1623 956 1631 .

111 1627 190 1686 mini
209 1622 263 1686 filo
287 1625 419 1688 adhaeter'.
433 1624 524 1688 ''Caro-
536 1627 699 1689 maturescit
712 1649 802 1691 anno.

112 1703 302 1786 Quibusdam
322 1725 420 1766 tamen
439 1711 468 1766 in
488 1707 575 1778 locis,
588 1726 619 1768 ut
631 1711 661 1768 in
675 1707 800 1790 Cypro,

116 1808 294 1870 quamquam
306 1787 342 1846 ad
354 1791 547 1850 maturitatem
559 1809 618 1848 non
634 1792 799 1869 perveniat,

115 1885 199 1951 grato
218 1867 319 1948 sapore
342 1868 433 1928 dulcis
453 1867 514 1932 est:
530 1871 563 1932 dt
580 1867 684 1930 solium
702 1870 742 1930 ibi
760 1871 801 1930 la·

115 1951 191 2022 tius,
209 1946 316 2010 fruetus
331 1949 418 2030 quim
433 1949 551 2032 reliquis
564 1951 715 2011 rotundior
724 1997 734 2027 ‚
743 1971 799 2014 nec

117 2047 149 2090 ut
167 2030 463 2110 devoreturcotpus‚
475 2051 577 2091 verum
587 2049 618 2092 ut
628 2030 799 2114 exspuatur,

116 2111 202 2172 succo
220 2110 313 2172 modo
332 2108 473 2191 expresso.
493 2109 531 2172 Et
549 2115 579 2171 in
596 2111 703 2173 Arabia
733 2114 799 2175 lan·

116 2192 202 2273 guide
226 2189 326 2250 dulces
336 2191 486 2252 traduntur
498 2191 553 2253 ‘effe
588 2194 687 2255 almae:
702 2215 800 2278 quam·

120 2293 203 2351 quam
223 2270 297 2332 Juba
316 2272 393 2353 apud
413 2269 541 2334 Scenitas
560 2215 672 2336 drabas
703 2275 799 2338 taesert

125 2352 251 2412 omnibus
273 2351 438 2432 saporibus,
456 2375 541 2436 quam
552 2373 661 2416 vocant
704 2357 805 2418 ahtan.-

125 2428 228 2493 cetera
244 2434 306 2494 sine
327 2433 452 2494 maribus
467 2455 526 2494 non
546 2439 663 2518 gignere
678 2436 800 2496 seminas
927 2430 933 2440 ’

117 2509 219 2594 sponte
242 2513 322 2576 edito
346 2535 466 2576 nemore
496 2515 690 2575 confirmant:
710 2519 801 2576 circa-⁴

137 2614 173 2654 ue
190 2593 320 2676 singulos
333 2595 427 2676 plures
445 2611 545 2656 nutare
564 2597 594 2654 in
616 2613 680 2654 eum
693 2615 802 2676 pronas¹

115 2616 318 2735 grandioribus
345 2677 445 2737 comis.
477 2673 562 2734 lllum
591 2672 692 2734 etesiis
713 2673 802 2757 hispi·

114 2745 206 2826 dum,
219 2755 325 2816 adflatu
334 2755 455 2838 visuque
466 2753 528 2836 ipso
538 2757 570 2816 δι
581 2755 701 2838 pulvere
713 2758 808 2820 etiam

113 2835 240 2918 reliquas
258 2839 409 2900 maritare:
425 2833 508 2919 hujus
528 2838 630 2900 arbore
647 2837 743 2900 excisa
760 2841 806 2902 vir

606 2915 633 2979 C
645 2915 673 3000 iij
