1934 3592
221 289 432 364 tristor.
453 289 527 364 Lib.
546 289 645 362 XVI.
698 311 768 383 ²49

93 408 186 472 abiete
206 427 246 470 ac·
263 411 348 472 larice
369 408 452 472 stelin
480 411 550 478 dicit
572 409 685 470 Euboea
709 408 774 470 nas·

94 493 137 566 ci,
155 493 289 574 hyphear
318 490 454 553 Arcadia.
481 479 602 585 Viscum
621 509 717 585 autem
741 493 772 551 in

92 569 773 732 sess:bibit:dissidiis&psit?

92 751 153 811 que.
162 729 407 814 copiosissimum
415 735 445 792 in
454 731 669 814 quercu,quod
678 731 772 812 dryos

92 809 219 908 bypbear
240 829 358 873 vocant.
381 811 513 880 inomni
531 811 650 882 arbore,
665 832 771 894 excep-

91 891 194 954 tirbce
212 893 247 956 &
265 907 391 975 quercu,
410 891 603 964 differentiam,
614 890 682 956 satit
694 893 771 954 odor

59 999 61 1018 ε
92 971 242 1055 virusque,
260 975 294 1048 ὃ(
314 972 416 1036 solium
434 994 493 1034 non
505 972 625 1054 jucundi
645 973 747 1044 ¹odoris
756 1017 770 1046 .

91 1069 210 1136 utroque
230 1053 301 1114 visci
317 1074 417 1120 amaro
433 1055 466 1118 dt
480 1055 571 1115 lento.
580 1053 722 1134 Hypbeat
731 1055 769 1118 ad

91 1131 238 1215 saginanda
257 1154 365 1214 pecora
385 1134 490 1196 utilius.
508 1133 589 1196 Vitia
600 1135 769 1216 modbpur·

92 1231 134 1295 gat
151 1216 263 1296 primb:
279 1215 346 1274 dein
356 1214 542 1298 pinguefacit,
555 1235 619 1298 quae
629 1213 768 1278 suffecere

91 1296 259 1377 purgationi.
279 1293 397 1374 Quibus
416 1295 505 1355 titali
526 1317 562 1356 ua
576 1295 655 1356 tabes
674 1298 768 1370 intus,

16 1441 18 1444 ,
91 1393 191 1456 negant
206 1377 319 1436 durare.
342 1374 385 1436 Ea
403 1317 539 1436 medendi
558 1376 649 1449 tario,
666 1375 768 1438 astatis

90 1456 273 1538 quadragenis
292 1456 403 1516 diebus.
426 1454 577 1534 Adjiciunt
595 1453 768 1533 discrimen,

90 1533 165 1596 visco
182 1539 212 1596 in
234 1535 277 1596 bis
289 1557 353 1618 quae
363 1535 433 1596 sosia
443 1540 588 1608 amittant,
603 1538 636 1598 dt
646 1540 701 1620 ipsi
712 1539 768 1600 de·

91 1615 204 1678 cidere:
223 1615 324 1678 contri
356 1617 494 1678 inhaerere
516 1633 584 1678 nato
605 1620 636 1677 in
659 1618 769 1680 aetemd

92 1693 202 1760 fronde.
221 1696 354 1758 Omnino
364 1713 461 1758 autem
474 1695 564 1758 sarum
578 1698 661 1758 nullo
675 1699 769 1772 modo
820 1765 822 1768 ,

91 1775 226 1851 nascitur,
244 1797 300 1838 nec
321 1778 374 1838 nisi
418 1797 449 1838 er
467 1779 567 1838 alvum
586 1779 684 1838 avium
698 1779 766 1838 red·

93 1857 196 1932 ditum,
218 1859 343 1918 maxime
361 1879 380 1940 p
410 1857 503 1918 umbis
523 1878 557 1916 ae
579 1857 680 1917 turdis.
694 1857 769 1920 Hae

93 1937 133 1998 est
149 1954 265 2010 natura,
285 1955 317 1998 ut
344 1939 400 1998 nisi
426 1953 598 1996 maturarum
618 1939 648 1995 in
665 1956 770 2014 ventre

94 2021 202 2095 avium,
218 2039 280 2086 ,non
293 2018 459 2099 proveniat.
477 2015 612 2092 Altitudo
631 2013 692 2097 ejus
708 2039 769 2080 non

95 2101 202 2160 excedit
217 2098 388 2174 cubitalem,
401 2095 513 2178 semper
525 2095 671 2158 frutesioai
683 2120 715 2162 ac
725 2103 771 2162 vi·

93 2179 170 2244 ridin
184 2179 250 2240 Mas
260 2178 380 2251 fertilis,
391 2175 617 2240 seminasserilis.
630 2179 771 2264 Aliquan-

93 2259 130 2320 do
144 2282 202 2321 non
215 2259 281 2322 sert.
666 2333 669 2340 ,

129 2338 238 2404 XCIV.
261 2337 380 2402 Viscum
401 2337 492 2402 confit
504 2362 540 2405 ex
551 2343 639 2404 acinis
648 2341 770 2424 quicol'·

93 2419 210 2503 liguntur
228 2423 364 2482 messium
384 2438 518 2502 tempore
530 2425 675 2483 immaturi
685 2443 692 2480 :
702 2443 788 2484 nam.

95 2502 117 2560 si
133 2501 272 2564 accessere
292 2503 421 2573 imbres,
439 2501 629 2580 amplitudine
650 2502 770 2640 guidem

92 2599 243 2664 augentur,
256 2581 336 2644 visco
355 2583 429 2642 verb
447 2578 633 2640 marcescunt.
671 2582 769 2640 ircan-

94 2675 135 2722 tur
150 2664 270 2734 deinde,
290 2663 323 2724 dt
339 2660 593 2736 ariditunduntur,
616 2680 649 2720 ac
669 2658 769 2720 condi·

94 2737 159 2806 tiin
178 2745 252 2829 aqud
270 2739 439 2826 putrescunt¹
458 2739 684 2884 duodenisLsere
707 2735 794 2810 die-f

636 2842 659 2884 v
