2012 3588
291 259 497 364 Hisron.
521 289 594 363 Lib.
612 289 692 366 XII.
756 309 801 386 ³7

107 399 218 478 Ponto.
232 411 424 474 Adulteratur
430 407 509 472 foliis
524 408 652 490 Punicis,
664 413 699 474 ὅτ
714 427 803 496 gum-⁶

110 496 158 556 mi
173 494 303 576 liquido,
321 511 354 554 ut
373 492 518 553 cohaereat
533 491 748 576 convolvatque
769 491 803 556 se

115 579 151 636 'ut
172 597 235 636 uvae
254 574 387 635 modum.
405 571 454 632 Est
465 573 497 634 &
510 593 575 655 quae
585 587 707 634 vocatur
716 594 800 634 amo·

118 659 194 729 mis,
214 657 310 715 minus
329 651 438 715 venosa
454 671 543 735 atque
559 653 675 727 durior,
694 675 729 714 ac
745 657 801 732 mi-¹

113 739 167 797 nias
179 737 303 796 odorata
316 755 323 794 ι
337 755 397 816 quo
416 749 554 816 apparet,
564 749 613 796 aut
630 733 707 796 aliud
727 731 802 810 effe,

108 835 162 878 aut
177 817 245 877 colli
267 820 276 876 i
289 818 485 876 immaturum.

107 918 115 930 ·
151 895 228 958 XXI
262 940 269 957 .
286 894 388 956 Simile
407 895 452 956 his
471 897 504 960 &
520 895 801 970 nomine&frutice

107 979 356 1052 cardamomum,
382 975 491 1038 semine
509 978 599 1038 oblon
620 999 648 1040 ο.
674 977 800 1040 Metitur

108 1060 224 1120 eodem
255 1057 348 1118 modo
366 1057 398 1118 &
411 1058 440 1116 in
451 1055 568 1118 Arabici.
582 999 720 1138 &aarum
735 1057 799 1140 ejus

109 1160 251 1224 genera:
277 1137 484 1200 viridissimum
503 1146 538 1198 'ac
564 1141 686 1222 pingue,
708 1143 800 1200 acutis

110 1221 245 1304 angulis,
258 1235 415 1280 contumax
435 1218 549 1292 frianti,
570 1221 650 1303 quod
672 1221 801 1282 maximi:

112 1299 250 1381 laudatur
261 1323 271 1361 t
286 1301 448 1381 proximum
459 1320 476 1361 e
487 1299 553 1362 rufo
563 1302 713 1362 candicans
724 1325 732 1364 :
742 1319 800 1362 ter·

110 1385 190 1444 tium
214 1383 334 1442 brevius
354 1397 440 1464 atque
459 1383 574 1464 nigrius.
595 1380 680 1462 Pejus
701 1399 800 1443 tamen

110 1467 232 1530 varium
250 1463 283 1524 &
302 1461 386 1522 facile
409 1463 499 1537 tritu,
520 1461 675 1544 odorisque
694 1465 801 1544 parvit

136 1547 168 1605 ui
191 1561 293 1616 verus,
306 1541 386 1603 costo
401 1544 515 1603 ricinus
534 1541 591 1604 ess‘e
612 1544 708 1604 debet.
732 1543 801 1604 Hoc

112 1567 149 1688 gc
175 1646 190 1684 a
213 1624 252 1686 ud
271 1622 378 1684 Medos
394 1622 525 1686 nascitur.
546 1623 672 1685 Pretium
695 1625 800 1705 optimi

110 1709 144 1768 'in
164 1646 254 1766 ntitas
272 1721 304 1764 x.
329 1704 497 1767 duodecim.

155 1785 256 1847 XXX.
273 1783 471 1847 Cinnamomo
495 1786 628 1882 proxima
655 1785 801 1869 gentilitas

114 1886 194 1942 erar,
206 1870 237 1928 ni
256 1869 333 1948 prius
349 1865 463 1928 Arabia
474 1866 590 1928 divitias
601 1865 719 1928 indicari
730 1889 803 1928 con·

114 1953 234 2012 veniret
246 1992 255 2022 ‚
268 1947 433 2030 causasque,
450 1967 514 2029 quae
527 1956 692 2029 cognomen
705 1948 746 2009 ilfi
756 1947 801 2010 fe·

119 2034 181 2092 licis
202 2052 236 2090 ac
257 2027 349 2090 beatae
368 2027 485 2089 dedere.
508 2027 705 2109 Principaliae
739 2032 802 2091 oin

117 2113 166 2172 illa
186 2111 273 2182 thus,
296 2111 328 2172 &
349 2109 486 2190 myrrha:
507 2109 568 2170 haec
588 2111 620 2172 &
638 2131 705 2171 cum
753 2131 801 2172 ro·

115 2193 248 2276 glodytis
267 2192 438 2252 communis.
797 2195 801 2200 '
821 2189 825 2196 ’

160 2295 208 2348 ¹4·
223 2271 343 2346 Thura,
359 2288 464 2352 praetet
480 2269 639 2345 Arabiam,
655 2271 802 2348 nullis,ac

124 2371 161 2410 ne
179 2353 292 2414 Arabiae
323 2352 442 2434 quidem
468 2352 615 2416 universa.
646 2351 680 2413 In
701 2354 802 2414 medio

123 2429 187 2512 ejus
197 2433 252 2495 fece
264 2432 326 2494 sunt
337 2432 605 2516 Atramitae,'pagus
617 2431 802 2508 Sabaeorum,

115 2513 803 2654 garireregniSaboti,inmonteexcelfo,affluo

164 2617 185 2656 o
203 2594 400 2656 mansionibus
419 2593 501 2655 distat
519 2613 551 2653 re
572 2593 601 2652 ‘o
620 2609 748 2651 eorumt
768 2613 803 2653 u·

115 2673 224 2750 rifera,
243 2674 317 2736 Saba
347 2671 535 2757 appellata(
577 2693 613 2733 oc
643 2669 803 2754 significare

115 2753 216 2816 Graeci
235 2755 405 2836 mysterium
426 2752 560 2835 dicunt.)
582 2752 696 2837 Speiiat
723 2771 804 2816 ortus

114 2833 196 2930 Solia
217 2835 328 2928 astivi,
341 2835 469 2930 turdique
486 2836 603 2919 rupibus
622 2837 717 2911 invia,
735 2837 805 2916 &a
