1932 3588
211 249 284 380 '3'28
342 277 378 351 C.
402 281 795 354 PcrrrrrNArrrrr.

215 405 240 464 si
259 400 374 486 angusta
393 395 580 462 decorticatio
597 397 670 475 fuit,
688 397 759 463 nihil
770 405 894 464 nocetur*

213 483 298 566 suprir
313 481 404 542 diliis.
425 481 602 543 Infirmiores
619 483 790 564 quidem&
809 487 840 543 in
851 483 893 553 so·
949 537 950 544 ,

215 565 247 625 lo
285 564 384 637 cecili,
399 563 449 625 vel
470 563 506 624 ab
528 565 585 623 unit
608 565 720 624 tantlrm
740 582 823 646 parte
843 563 893 624 de·

214 585 318 706 medus
339 646 483 704 interimit.
505 641 638 704 Similem
650 646 682 705 δι
695 644 894 706 decacumina-

214 727 258 788 tio
280 728 420 786 rationem
441 719 545 798 haber,
564 727 711 808 cupressi,
733 727 896 807 piceae⁴,c'e·

216 807 262 868 dri
278 829 285 868 :
304 807 349 866 hae
366 807 443 866 enim
459 804 586 866 detradlo
596 807 759 881 cacumine,
770 808 896 888 aurigni-

214 885 270 949 bus
288 884 406 958 adusto,
424 889 576 947 intereunt.
599 885 731 948 Similem
752 889 785 948 δι
807 887 897 968 depa-

216 967 271 1029 stio
297 967 472 1029 animalium.
494 965 601 1028 Oleam
623 967 742 1050 quidem
763 965 852 1028 etiam
872 965 894 1026 si

216 1049 323 1110 lambat
343 1063 444 1130 capra,
458 1046 648 1122 sterilescere,
665 1047 763 1108 auilor
774 1047 896 1108 estVar·

216 1147 271 1200 ro,
290 1147 322 1188 ut
341 1126 472 1190 diximus.
493 1127 640 1208 Quaedam
656 1126 823 1208 hacinjurii
834 1149 896 1190 mo-

216 1211 349 1271 riuntur:
370 1211 463 1292 aliqua
479 1211 622 1270 deteriora
640 1211 751 1270 rantum
768 1207 895 1282 fiunt,ut

217 1290 396 1372 amygdala:
410 1311 447 1352 err
459 1290 589 1351 dulcibus
608 1292 685 1350 enim
697 1289 894 1373 transfiguran-

217 1386 263 1434 tur
279 1374 310 1431 in
328 1391 445 1432 amaras.
470 1370 578 1454 Aliqua
595 1373 668 1432 veri>
690 1373 778 1431 etiam
801 1372 895 1452 utilio·

217 1469 271 1527 ra,
291 1469 322 1513 ut
338 1453 414 1535 apud
432 1449 524 1512 Chios
546 1454 645 1535 pirus,
668 1473 754 1534 quarn
771 1450 894 1514 Phocida

217 1533 373 1618 appellant.
392 1533 468 1592 Nam
487 1534 668 1593 detruncatio
690 1533 815 1594 diximus
875 1535 894 1578 '-

218 1615 273 1676 bus
291 1611 445 1697 prodesset.
458 1613 606 1675 intereunt
626 1614 763 1696 pleraque
782 1616 816 1677 δι
833 1553 892 1674 didi

217 1693 305 1776 stirpe
315 1739 325 1767 ,
337 1697 465 1776 exceptis
477 1698 555 1768 vite,
571 1694 667 1770 malo,
680 1693 758 1767 lico,
777 1695 892 1756 Punici:

218 1774 366 1856 Quaedam
379 1776 429 1838 vel
440 1776 475 1836 ab
488 1777 585 1838 ulcere
595 1779 714 1837 tantum.
729 1775 816 1837 Ficus
823 1777 893 1836 hane

218 1855 351 1938 injuriam
370 1854 491 1937 spernit,
511 1859 661 1919 &omnia
690 1877 754 1940 quae
775 1859 892 1918 resinam

219 1939 348 2040 gignunt.
366 1935 521 1999 Radicibus
542 1939 692 2019 amputatis
709 1940 784 1999 mori
793 1982 804 2010 ‚
815 1939 894 1998 mini·

219 2039 270 2080 me
289 2021 394 2078 mirum
414 2017 465 2080 est.
484 2019 631 2101 Pleraeque
644 2037 742 2080 tamen
760 2039 820 2080 non
839 2038 893 2078 orn·

220 2100 321 2172 nibus,
340 2098 390 2160 sed
414 2102 564 2175 maximis,
583 2116 631 2160 aut
650 2121 714 2181 quae
742 2098 805 2160 sunt
824 2101 893 2160 inter

220 2179 283 2239 illas
303 2180 403 2239 vitales
422 2179 536 2240 abscisis
553 2185 726 2242 moriuntur.

261 2259 374 2319 Necant
392 2260 519 2320 invicem
536 2262 611 2321 inter
627 2261 685 2323 sese
706 2261 827 2335 umbri,
846 2245 894 2322 vel

218 2338 382 2412 densitate,
401 2357 487 2421 atque
518 2340 645 2403 alimenti
674 2341 781 2424 rapina.
804 2340 892 2402 Necat

219 2423 255 2484 &
274 2421 361 2481 edera
378 2421 518 2493 vinciens.
547 2422 613 2483 Nec
629 2421 740 2484 viscum
762 2420 891 2505 prodest:

220 2503 255 2566 &
277 2500 384 2584 cytisus
403 2519 519 2562 necatur
537 2524 574 2564 eo
595 2504 676 2586 quod
696 2502 824 2564 halimon
840 2523 892 2564 ro·

219 2599 286 2644 eant
299 2580 405 2642 Graeci.
425 2581 629 2663 Quorumdam
651 2601 751 2646 natura
771 2601 831 2645 non
847 2604 893 2643 rre-

221 2680 268 2723 cat
290 2662 427 2744 quidem,
451 2663 500 2724 sed
529 2664 606 2725 laedit
633 2665 746 2741 odore,
763 2682 811 2726 aut
826 2664 893 2725 succi

221 2744 361 2804 mixturd:
381 2759 412 2804 ur
435 2744 594 2826 raphanus,
610 2746 643 2806 δι
664 2745 777 2822 laurus,
796 2747 893 2806 uitem.

219 2821 392 2902 Olfsdatrix
403 2825 480 2888 enirn
487 2827 669 2909 intelligitur,
679 2827 712 2892 ἃ
724 2826 897 2911 ringuiodos
