1954 3594
180 286 412 394 Hrsron'.
425 323 500 394 Lib.
518 323 647 394 XVIH.
697 343 771 416 439

81 437 165 503 scribi
183 440 297 504 circulo
316 463 433 524 parvo,
453 444 502 525 qui
529 457 651 504 vocetur
677 441 775 502 umbi-

82 521 163 585 licus.
184 522 268 602 Quae
287 543 356 606 pars
376 522 462 585 fuerit
479 545 496 583 a
516 525 627 586 vertice
647 522 775 597 umbrae,

80 603 143 662 haec
162 605 220 664 erit
243 621 354 665 ventus
374 601 623 686 septemtrionalis.
634 599 689 662 1110
699 603 773 675 tibi,
902 653 905 658 .

14 733 15 738 1
81 699 221 762 putatur,
242 685 385 746 arborum
402 685 493 767 plagae
512 704 550 744 ne
570 681 712 763 spedent,
724 701 773 742 ne·

80 782 120 824 ve
135 761 255 826 arbusta
276 767 434 839 vineaeve,
449 767 504 825 nrsi
519 767 549 824 in
566 762 689 834 Africi,
712 760 779 842 Cy-

79 846 180 919 renis,
191 843 343 928 AEgypro.
354 845 436 906 Illinc
442 845 529 906 flante
540 863 577 904 ne
591 860 687 915 arato,
699 861 777 924 quae-

81 943 141 1004 que
158 925 215 984 alia
252 927 427 1009 raecipimus.
444 925 525 1006 Quae
563 945 607 984 ars
619 925 702 986 lineae
710 922 778 984 fue·

79 1005 530 1148 mimmii&
553 1003 777 1147 Qui&

536 1130 546 1159 2

11 1210 12 1226 t
82 1165 126 1224 cis
143 1163 267 1226 Notum
287 1165 409 1228 diximus
426 1169 533 1228 vocari.
551 1165 711 1226 llincflatu
725 1183 779 1228 ve-

81 1246 213 1315 niente,
233 1248 387 1306 materiam
408 1247 581 1326 vineamque
599 1265 615 1305 a
649 1246 774 1306 'calane

83 1322 206 1384 tradem
225 1323 372 1386 Humidus
392 1343 442 1386 aut
464 1323 598 1386 aestuosus
631 1325 704 1385 raliae
722 1323 776 1385 est.

84 1400 202 1464 Africae
233 1405 353 1485 quidem
382 1406 517 1466 incendia
535 1423 602 1464 curn
625 1403 776 1465 serenitate

84 1481 194 1546 adfert.
216 1483 253 1544 In
273 1484 347 1547 hunc
366 1485 453 1548 Iraiiae
474 1484 609 1567 palmites
625 1484 774 1567 speuent,

83 1563 222 1626 sednon
242 1565 336 1650 plagae
350 1567 487 1629 arborum
513 1567 666 1633 vitiumve.
688 1565 775 1626 Hunc

87 1645 197 1707 oliveti
232 1666 357 1708 metator
382 1647 577 1730 Vergiliarum
605 1647 779 1729 quatriduo,

87 1725 166 1787 hunc
183 1745 291 1789 caveat
311 1728 413 1788 insitor
437 1727 580 1801 calamis,
599 1726 778 1811 gemmisque

87 1807 265 1883 inaculatur.
284 1805 447 1889 Deipsire
467 1810 541 1870 'onis
551 1804 613 1888 ejus
623 1807 695 1868 hori
705 1809 778 1890 prae'·

88 1887 236 1950 munuiss'e
256 1891 423 1952 conveniet.
462 1890 585 1950 rundem
600 1887 698 1950 medii
709 1888 778 1961 die,

89 1969 264 2044 arborum,
277 1991 315 2031 ne
329 1969 445 2031 cardito.
465 1968 546 2032 Cum
557 1967 711 2029 meridiem
726 1968 778 2028 ad·

89 2047 147 2110 ess'e
167 2049 293 2128 senties,
335 2049 424 2121 astur,
442 2047 537 2110 aestate
550 2048 737 2108 contrahente
747 2045 777 2110 se

88 2113 213 2206 umbria,
252 2072 373 2191 crudem
391 2151 408 2189 a
427 2127 496 2190 Sole
514 2131 545 2188 in
565 2149 657 2210 opaca
671 2130 779 2212 cogito.

89 2207 170 2272 cum
193 2151 263 2272 aeda
310 2209 422 2293 pasces,
441 2213 471 2270 in
488 2209 671 2271 occidentem
683 2208 778 2292 spedia

90 2309 158 2352 anre
169 2291 293 2353 meridie
329 2287 573 2374 ,postmeridieru
582 2293 610 2352 in
619 2293 779 2352 orientem:

91 2370 175 2434 aliter
193 2374 284 2433 noxiu
323 2375 420 2448 ,sicut
438 2373 534 2434 hieme
548 2373 683 2443 devere,
703 2373 727 2430 si
747 2372 778 2428 in

90 2455 276 2516 rorulentum
286 2453 415 2514 duceres.
430 2451 588 2512 Necontra
597 2451 779 2530 septemtrio-

90 2552 163 2594 nem
192 2535 307 2616 paveris
333 2531 534 2610 supradiuum.
566 2528 697 2590 Clodunt
715 2531 779 2601 ira,

93 2612 114 2674 li
137 2617 261 2698 piuntve
272 2611 307 2672 ab
319 2611 445 2683 adflatu,
463 2609 495 2671 &
505 2607 574 2670 alvo
582 2607 638 2668 citri
647 2624 778 2688 pereunt.

94 2635 163 2773 ἄυὶ
182 2693 304 2753 feminas
321 2691 436 2771 concipi
454 2689 558 2760 voles,
575 2689 605 2749 in
620 2688 696 2748 hunc
706 2707 779 2758 veu-

94 2791 163 2836 tum
184 2771 340 2832 sedantes
366 2772 432 2831 iniri
449 2773 557 2852 cogito.
658 2819 660 2824 .
766 2801 768 2804 ·

139 2853 166 2916 L
254 2850 354 2936 1L34.
371 2850 506 2914 Diximus
525 2865 557 2912 ut
574 2851 613 2992 iqa
622 2845 723 2944 medii
745 2845 781 2910 lt·

625 2951 659 2990 ιν
