<?xml version="1.0" encoding="UTF-8"?>
<!DOCTYPE html PUBLIC "-//W3C//DTD XHTML 1.0 Transitional//EN"
    "http://www.w3.org/TR/xhtml1/DTD/xhtml1-transitional.dtd">
<html xmlns="http://www.w3.org/1999/xhtml" xml:lang="en" lang="en">
 <head>
  <title>
</title>
<meta http-equiv="Content-Type" content="text/html;charset=utf-8" />
  <meta name='ocr-system' content='tesseract 3.04.00' />
  <meta name='ocr-capabilities' content='ocr_page ocr_carea ocr_par ocr_line ocrx_word'/>
</head>
<body>
  <div class='ocr_page' id='page_1' title='image "./caiipliniisecun01brotgoog_0234.png"; bbox 0 0 1934 3592; ppageno 0'>
   <div class='ocr_carea' id='block_1_1' title="bbox 196 221 749 382">
    <p class='ocr_par' dir='ltr' id='par_1_1' title="bbox 196 221 749 382">
     <span class='ocr_line' id='line_1_1' title="bbox 196 221 749 382; baseline 0.004 -26"><span class='ocrx_word' id='word_1_1' title='bbox 196 285 398 358; x_wconf 75' lang='lat' dir='ltr'>rrrsron</span> <span class='ocrx_word' id='word_1_2' title='bbox 425 284 499 358; x_wconf 85' lang='lat' dir='ltr'>Lib.</span> <span class='ocrx_word' id='word_1_3' title='bbox 525 221 635 358; x_wconf 67' lang='lat' dir='ltr'>XVI.¹</span> <span class='ocrx_word' id='word_1_4' title='bbox 677 305 749 382; x_wconf 78' lang='lat'>225</span> 
     </span>
    </p>
   </div>
   <div class='ocr_carea' id='block_1_2' title="bbox 65 399 761 2832">
    <p class='ocr_par' dir='ltr' id='par_1_2' title="bbox 65 399 761 2021">
     <span class='ocr_line' id='line_1_2' title="bbox 86 399 752 488; baseline 0.006 -26"><span class='ocrx_word' id='word_1_5' title='bbox 86 399 216 478; x_wconf 78' lang='lat' dir='ltr'>sissimus,</span> <span class='ocrx_word' id='word_1_6' title='bbox 231 408 277 488; x_wconf 90' lang='lat' dir='ltr'>qui</span> <span class='ocrx_word' id='word_1_7' title='bbox 296 422 417 466; x_wconf 86' lang='lat' dir='ltr'>vocatur</span> <span class='ocrx_word' id='word_1_8' title='bbox 434 406 551 476; x_wconf 85' lang='lat' dir='ltr'>donax,</span> <span class='ocrx_word' id='word_1_9' title='bbox 566 427 626 466; x_wconf 93' lang='lat' dir='ltr'>non</span> <span class='ocrx_word' id='word_1_10' title='bbox 644 407 700 466; x_wconf 84' lang='lat' dir='ltr'>nisi</span> <span class='ocrx_word' id='word_1_11' title='bbox 720 409 752 467; x_wconf 90' lang='lat' dir='ltr'>in</span> 
     </span>
     <span class='ocr_line' id='line_1_3' title="bbox 85 485 751 569; baseline 0.009 -27"><span class='ocrx_word' id='word_1_12' title='bbox 85 487 208 565; x_wconf 87' lang='lat' dir='ltr'>aquaticis</span> <span class='ocrx_word' id='word_1_13' title='bbox 219 506 316 548; x_wconf 85' lang='lat' dir='ltr'>natus:</span> <span class='ocrx_word' id='word_1_14' title='bbox 337 489 477 569; x_wconf 86' lang='lat' dir='ltr'>quoniam</span> <span class='ocrx_word' id='word_1_15' title='bbox 492 489 526 548; x_wconf 87' lang='lat'>&amp;</span> <span class='ocrx_word' id='word_1_16' title='bbox 542 487 606 546; x_wconf 83' lang='lat' dir='ltr'>haec</span> <span class='ocrx_word' id='word_1_17' title='bbox 616 485 751 548; x_wconf 84' lang='lat' dir='ltr'>differen-</span> 
     </span>
     <span class='ocr_line' id='line_1_4' title="bbox 84 565 752 650; baseline 0.006 -26"><span class='ocrx_word' id='word_1_18' title='bbox 84 566 116 624; x_wconf 87' lang='lat' dir='ltr'>tia</span> <span class='ocrx_word' id='word_1_19' title='bbox 131 565 187 627; x_wconf 84' lang='lat' dir='ltr'>est:</span> <span class='ocrx_word' id='word_1_20' title='bbox 207 568 331 630; x_wconf 79' lang='lat' dir='ltr'>multum</span> <span class='ocrx_word' id='word_1_21' title='bbox 348 568 464 650; x_wconf 66' lang='lat' dir='ltr'>praelati</span> <span class='ocrx_word' id='word_1_22' title='bbox 476 567 632 640; x_wconf 85' lang='lat' dir='ltr'>arundine,</span> <span class='ocrx_word' id='word_1_23' title='bbox 644 588 708 648; x_wconf 78' lang='lat' dir='ltr'>quae</span> <span class='ocrx_word' id='word_1_24' title='bbox 720 569 752 628; x_wconf 86' lang='lat' dir='ltr'>in</span> 
     </span>
     <span class='ocr_line' id='line_1_5' title="bbox 84 647 751 788; baseline 0.009 -84"><span class='ocrx_word' id='word_1_25' title='bbox 84 647 154 705; x_wconf 85' lang='lat' dir='ltr'>siccis</span> <span class='ocrx_word' id='word_1_26' title='bbox 173 651 333 729; x_wconf 82' lang='lat' dir='ltr'>proveniat.</span> <span class='ocrx_word' id='word_1_27' title='bbox 366 647 455 712; x_wconf 84' lang='lat' dir='ltr'>Suum</span> <span class='ocrx_word' id='word_1_28' title='bbox 486 669 576 732; x_wconf 84' lang='lat' dir='ltr'>genus</span> <span class='ocrx_word' id='word_1_29' title='bbox 605 647 751 788; x_wconf 45' lang='lat' dir='ltr'>saffittario</span> 
     </span>
     <span class='ocr_line' id='line_1_6' title="bbox 82 725 751 811; baseline 0.009 -27"><span class='ocrx_word' id='word_1_30' title='bbox 82 725 202 800; x_wconf 85' lang='lat' dir='ltr'>calamo,</span> <span class='ocrx_word' id='word_1_31' title='bbox 219 746 250 789; x_wconf 88' lang='lat' dir='ltr'>ut</span> <span class='ocrx_word' id='word_1_32' title='bbox 266 731 412 792; x_wconf 82' lang='lat' dir='ltr'>diximus:</span> <span class='ocrx_word' id='word_1_33' title='bbox 433 727 482 791; x_wconf 91' lang='lat' dir='ltr'>sed</span> <span class='ocrx_word' id='word_1_34' title='bbox 502 727 625 790; x_wconf 84' lang='lat' dir='ltr'>Cretico</span> <span class='ocrx_word' id='word_1_35' title='bbox 649 730 751 811; x_wconf 84' lang='lat' dir='ltr'>ongis·</span> 
     </span>
     <span class='ocr_line' id='line_1_7' title="bbox 83 808 752 950; baseline 0.009 -86"><span class='ocrx_word' id='word_1_36' title='bbox 83 808 149 867; x_wconf 88' lang='lat' dir='ltr'>simis</span> <span class='ocrx_word' id='word_1_37' title='bbox 169 809 436 882; x_wconf 87' lang='lat' dir='ltr'>internodiis‚obse</span> <span class='ocrx_word' id='word_1_38' title='bbox 458 812 617 892; x_wconf 87' lang='lat' dir='ltr'>uentique,</span> <span class='ocrx_word' id='word_1_39' title='bbox 632 811 691 950; x_wconf 43' lang='grc' dir='ltr'>(Ξιιὸ</span> <span class='ocrx_word' id='word_1_40' title='bbox 712 810 752 870; x_wconf 87' lang='lat' dir='ltr'>li-</span> 
     </span>
     <span class='ocr_line' id='line_1_8' title="bbox 81 884 753 981; baseline 0.009 -35"><span class='ocrx_word' id='word_1_41' title='bbox 81 884 136 948; x_wconf 90' lang='lat' dir='ltr'>beat</span> <span class='ocrx_word' id='word_1_42' title='bbox 158 889 252 966; x_wconf 70' lang='lat' dir='ltr'>flecti,</span> <span class='ocrx_word' id='word_1_43' title='bbox 270 889 419 951; x_wconf 71' lang='lat' dir='ltr'>calefafiio.</span> <span class='ocrx_word' id='word_1_44' title='bbox 470 889 624 952; x_wconf 82' lang='lat' dir='ltr'>ifferentias</span> <span class='ocrx_word' id='word_1_45' title='bbox 654 891 753 981; x_wconf 73' lang='lat' dir='ltr'>sciunt</span> 
     </span>
     <span class='ocr_line' id='line_1_9' title="bbox 81 967 753 1054; baseline 0.006 -26"><span class='ocrx_word' id='word_1_46' title='bbox 81 967 188 1031; x_wconf 84' lang='lat' dir='ltr'>&amp;folia</span> <span class='ocrx_word' id='word_1_47' title='bbox 206 992 266 1032; x_wconf 90' lang='lat' dir='ltr'>non</span> <span class='ocrx_word' id='word_1_48' title='bbox 286 971 486 1046; x_wconf 85' lang='lat' dir='ltr'>multitudine,</span> <span class='ocrx_word' id='word_1_49' title='bbox 501 973 604 1033; x_wconf 87' lang='lat' dir='ltr'>verlun</span> <span class='ocrx_word' id='word_1_50' title='bbox 621 973 654 1036; x_wconf 76' lang='grc' dir='ltr'>δι</span> <span class='ocrx_word' id='word_1_51' title='bbox 667 970 753 1054; x_wconf 62' lang='lat'>⁶⁰¹⁰?</span> 
     </span>
     <span class='ocr_line' id='line_1_10' title="bbox 80 1047 754 1133; baseline 0.006 -25"><span class='ocrx_word' id='word_1_52' title='bbox 80 1067 113 1108; x_wconf 90' lang='lat' dir='ltr'>re.</span> <span class='ocrx_word' id='word_1_53' title='bbox 129 1047 211 1112; x_wconf 83' lang='lat' dir='ltr'>Van&#39;a</span> <span class='ocrx_word' id='word_1_54' title='bbox 227 1053 394 1125; x_wconf 84' lang='lat' dir='ltr'><strong>Laconicis,</strong></span> <span class='ocrx_word' id='word_1_55' title='bbox 407 1052 492 1113; x_wconf 72' lang='lat' dir='ltr'>&amp;ab</span> <span class='ocrx_word' id='word_1_56' title='bbox 510 1052 569 1114; x_wconf 75' lang='lat' dir='ltr'>imi</span> <span class='ocrx_word' id='word_1_57' title='bbox 579 1069 661 1133; x_wconf 79' lang='lat' dir='ltr'>parte</span> <span class='ocrx_word' id='word_1_58' title='bbox 676 1052 754 1114; x_wconf 86' lang='lat' dir='ltr'>den·</span> 
     </span>
     <span class='ocr_line' id='line_1_11' title="bbox 65 1130 750 1216; baseline 0.015 -30"><span class='ocrx_word' id='word_1_59' title='bbox 65 1130 163 1206; x_wconf 84' lang='lat' dir='ltr'>&#39;siora,</span> <span class='ocrx_word' id='word_1_60' title='bbox 176 1133 275 1215; x_wconf 87' lang='lat' dir='ltr'>quales</span> <span class='ocrx_word' id='word_1_61' title='bbox 294 1135 325 1194; x_wconf 93' lang='lat' dir='ltr'>in</span> <span class='ocrx_word' id='word_1_62' title='bbox 343 1150 440 1194; x_wconf 87' lang='lat' dir='ltr'>totum</span> <span class='ocrx_word' id='word_1_63' title='bbox 458 1135 533 1196; x_wconf 82' lang='lat' dir='ltr'>circa</span> <span class='ocrx_word' id='word_1_64' title='bbox 556 1131 653 1214; x_wconf 83' lang='lat' dir='ltr'>stagna</span> <span class='ocrx_word' id='word_1_65' title='bbox 671 1136 750 1216; x_wconf 81' lang='lat' dir='ltr'>gigni</span> 
     </span>
     <span class='ocr_line' id='line_1_12' title="bbox 80 1213 751 1297; baseline 0.007 -26"><span class='ocrx_word' id='word_1_66' title='bbox 80 1227 185 1289; x_wconf 80' lang='lat' dir='ltr'>putant,</span> <span class='ocrx_word' id='word_1_67' title='bbox 205 1215 359 1278; x_wconf 82' lang='lat' dir='ltr'>dissimiles</span> <span class='ocrx_word' id='word_1_68' title='bbox 379 1215 518 1288; x_wconf 80' lang='lat' dir='ltr'>amnicis,</span> <span class='ocrx_word' id='word_1_69' title='bbox 538 1213 686 1297; x_wconf 83' lang='lat' dir='ltr'>longisque</span> <span class='ocrx_word' id='word_1_70' title='bbox 696 1234 751 1276; x_wconf 84' lang='lat' dir='ltr'>ve-</span> 
     </span>
     <span class='ocr_line' id='line_1_13' title="bbox 81 1287 751 1370; baseline 0.009 -20"><span class='ocrx_word' id='word_1_71' title='bbox 81 1287 264 1370; x_wconf 69' lang='lat' dir='ltr'>inimicis,</span> <span class='ocrx_word' id='word_1_72' title='bbox 291 1293 308 1356; x_wconf 94' lang='lat' dir='ltr'>s</span> <span class='ocrx_word' id='word_1_73' title='bbox 325 1296 481 1356; x_wconf 83' lang='lat' dir='ltr'>atiosilrsa</span> <span class='ocrx_word' id='word_1_74' title='bbox 507 1294 588 1357; x_wconf 86' lang='lat' dir='ltr'>nodo</span> <span class='ocrx_word' id='word_1_75' title='bbox 609 1292 751 1356; x_wconf 83' lang='lat' dir='ltr'>scanden-</span> 
     </span>
     <span class='ocr_line' id='line_1_14' title="bbox 81 1319 751 1456; baseline 0 -18"><span class='ocrx_word' id='word_1_76' title='bbox 81 1386 105 1430; x_wconf 88' lang='lat' dir='ltr'>te</span> <span class='ocrx_word' id='word_1_77' title='bbox 120 1375 281 1456; x_wconf 77' lang='lat' dir='ltr'>complexu.</span> <span class='ocrx_word' id='word_1_78' title='bbox 301 1319 352 1438; x_wconf 59' lang='lat' dir='ltr'>Est</span> <span class='ocrx_word' id='word_1_79' title='bbox 370 1377 403 1438; x_wconf 91' lang='lat'>&amp;</span> <span class='ocrx_word' id='word_1_80' title='bbox 420 1376 539 1456; x_wconf 88' lang='lat' dir='ltr'>obliqua</span> <span class='ocrx_word' id='word_1_81' title='bbox 551 1375 751 1447; x_wconf 87' lang='lat' dir='ltr'>arundo,non</span> 
     </span>
     <span class='ocr_line' id='line_1_15' title="bbox 81 1451 752 1534; baseline 0.009 -22"><span class='ocrx_word' id='word_1_82' title='bbox 81 1451 108 1510; x_wconf 76' lang='lat' dir='ltr'>in¹</span> <span class='ocrx_word' id='word_1_83' title='bbox 116 1459 307 1518; x_wconf 85' lang='lat' dir='ltr'>excelsitatem</span> <span class='ocrx_word' id='word_1_84' title='bbox 326 1455 460 1527; x_wconf 85' lang='lat' dir='ltr'>nascens,</span> <span class='ocrx_word' id='word_1_85' title='bbox 476 1455 527 1518; x_wconf 88' lang='lat' dir='ltr'>sed</span> <span class='ocrx_word' id='word_1_86' title='bbox 548 1455 626 1534; x_wconf 81' lang='lat' dir='ltr'>juxta</span> <span class='ocrx_word' id='word_1_87' title='bbox 646 1472 752 1518; x_wconf 81' lang='lat' dir='ltr'>terram</span> 
     </span>
     <span class='ocr_line' id='line_1_16' title="bbox 81 1529 753 1620; baseline 0.01 -29"><span class='ocrx_word' id='word_1_88' title='bbox 81 1529 175 1598; x_wconf 85' lang='lat' dir='ltr'>fruticis</span> <span class='ocrx_word' id='word_1_89' title='bbox 192 1538 290 1602; x_wconf 86' lang='lat' dir='ltr'>modo</span> <span class='ocrx_word' id='word_1_90' title='bbox 308 1535 340 1598; x_wconf 80' lang='lat' dir='ltr'>se</span> <span class='ocrx_word' id='word_1_91' title='bbox 357 1535 510 1620; x_wconf 82' lang='lat' dir='ltr'>spargens,</span> <span class='ocrx_word' id='word_1_92' title='bbox 535 1534 700 1600; x_wconf 74' lang='lat' dir='ltr'>suavissima</span> <span class='ocrx_word' id='word_1_93' title='bbox 718 1539 753 1598; x_wconf 88' lang='lat' dir='ltr'>in</span> 
     </span>
     <span class='ocr_line' id='line_1_17' title="bbox 81 1615 753 1698; baseline 0.009 -26"><span class='ocrx_word' id='word_1_94' title='bbox 81 1620 216 1679; x_wconf 77' lang='lat' dir='ltr'>teneritate</span> <span class='ocrx_word' id='word_1_95' title='bbox 238 1618 418 1683; x_wconf 75' lang='lat' dir='ltr'>animalibus.</span> <span class='ocrx_word' id='word_1_96' title='bbox 449 1616 579 1678; x_wconf 84' lang='lat' dir='ltr'>Vocatur</span> <span class='ocrx_word' id='word_1_97' title='bbox 599 1639 616 1678; x_wconf 86' lang='lat' dir='ltr'>a</span> <span class='ocrx_word' id='word_1_98' title='bbox 634 1615 753 1698; x_wconf 86' lang='lat' dir='ltr'>quibus·</span> 
     </span>
     <span class='ocr_line' id='line_1_18' title="bbox 83 1693 761 1782; baseline 0 -24"><span class='ocrx_word' id='word_1_99' title='bbox 83 1693 139 1758; x_wconf 78' lang='lat' dir='ltr'>dam</span> <span class='ocrx_word' id='word_1_100' title='bbox 158 1701 259 1782; x_wconf 84' lang='lat' dir='ltr'>elegia.</span> <span class='ocrx_word' id='word_1_101' title='bbox 282 1697 332 1760; x_wconf 90' lang='lat' dir='ltr'>Est</span> <span class='ocrx_word' id='word_1_102' title='bbox 355 1700 387 1760; x_wconf 74' lang='lat' dir='ltr'>du</span> <span class='ocrx_word' id='word_1_103' title='bbox 399 1701 430 1758; x_wconf 89' lang='lat' dir='ltr'>in</span> <span class='ocrx_word' id='word_1_104' title='bbox 446 1696 526 1758; x_wconf 79' lang='lat' dir='ltr'>ltaliai</span> <span class='ocrx_word' id='word_1_105' title='bbox 546 1697 661 1760; x_wconf 88' lang='lat' dir='ltr'>nascens</span> <span class='ocrx_word' id='word_1_106' title='bbox 674 1698 761 1782; x_wconf 57' lang='lat' dir='ltr'>adm</span> 
     </span>
     <span class='ocr_line' id='line_1_19' title="bbox 83 1778 756 1852; baseline 0.012 -18"><span class='ocrx_word' id='word_1_107' title='bbox 83 1783 265 1852; x_wconf 73' lang='lat' dir='ltr'>eonomine,</span> <span class='ocrx_word' id='word_1_108' title='bbox 307 1778 431 1851; x_wconf 85' lang='lat' dir='ltr'>aluilris,</span> <span class='ocrx_word' id='word_1_109' title='bbox 448 1799 486 1839; x_wconf 83' lang='lat' dir='ltr'>ex</span> <span class='ocrx_word' id='word_1_110' title='bbox 508 1782 617 1840; x_wconf 86' lang='lat' dir='ltr'>cortice</span> <span class='ocrx_word' id='word_1_111' title='bbox 640 1780 756 1842; x_wconf 76' lang='lat' dir='ltr'>tantum</span> 
     </span>
     <span class='ocr_line' id='line_1_20' title="bbox 82 1803 754 1941; baseline 0.006 -27"><span class='ocrx_word' id='word_1_112' title='bbox 82 1853 123 1916; x_wconf 89' lang='lat' dir='ltr'>sub</span> <span class='ocrx_word' id='word_1_113' title='bbox 137 1861 197 1941; x_wconf 77' lang='lat' dir='ltr'>ipsis</span> <span class='ocrx_word' id='word_1_114' title='bbox 210 1803 314 1931; x_wconf 44' lang='lat' dir='ltr'>corni),</span> <span class='ocrx_word' id='word_1_115' title='bbox 334 1860 483 1921; x_wconf 84' lang='lat' dir='ltr'>utilissima</span> <span class='ocrx_word' id='word_1_116' title='bbox 508 1859 660 1930; x_wconf 81' lang='lat' dir='ltr'>dentibus,</span> <span class='ocrx_word' id='word_1_117' title='bbox 677 1877 754 1938; x_wconf 88' lang='lat' dir='ltr'>quo·</span> 
     </span>
     <span class='ocr_line' id='line_1_21' title="bbox 82 1939 591 2021; baseline 0.002 -25"><span class='ocrx_word' id='word_1_118' title='bbox 82 1939 148 2000; x_wconf 87' lang='lat' dir='ltr'>uiam</span> <span class='ocrx_word' id='word_1_119' title='bbox 166 1945 210 2004; x_wconf 90' lang='lat' dir='ltr'>vis</span> <span class='ocrx_word' id='word_1_120' title='bbox 230 1942 335 2004; x_wconf 78' lang='lat' dir='ltr'>eadem</span> <span class='ocrx_word' id='word_1_121' title='bbox 351 1939 392 2000; x_wconf 84' lang='lat' dir='ltr'>est</span> <span class='ocrx_word' id='word_1_122' title='bbox 408 1960 473 2021; x_wconf 75' lang='lat' dir='ltr'>quae</span> <span class='ocrx_word' id='word_1_123' title='bbox 489 1940 591 2019; x_wconf 80' lang='lat' dir='ltr'>sinapi.</span> 
     </span>
    </p>

    <p class='ocr_par' dir='ltr' id='par_1_3' title="bbox 68 2018 761 2832">
     <span class='ocr_line' id='line_1_22' title="bbox 115 2018 755 2086; baseline -0.003 -6"><span class='ocrx_word' id='word_1_124' title='bbox 115 2018 161 2082; x_wconf 93' lang='lat' dir='ltr'>De</span> <span class='ocrx_word' id='word_1_125' title='bbox 181 2022 376 2084; x_wconf 86' lang='lat' dir='ltr'>Orchomenii</span> <span class='ocrx_word' id='word_1_126' title='bbox 391 2018 470 2080; x_wconf 76' lang='lat' dir='ltr'>lactis</span> <span class='ocrx_word' id='word_1_127' title='bbox 485 2019 755 2086; x_wconf 71' lang='lat' dir='ltr'>anmdinetisacsm</span> 
     </span>
     <span class='ocr_line' id='line_1_23' title="bbox 83 2098 757 2185; baseline 0.009 -29"><span class='ocrx_word' id='word_1_128' title='bbox 83 2102 159 2162; x_wconf 75' lang='lat' dir='ltr'>ratiis</span> <span class='ocrx_word' id='word_1_129' title='bbox 176 2105 234 2167; x_wconf 88' lang='lat' dir='ltr'>dici</span> <span class='ocrx_word' id='word_1_130' title='bbox 257 2105 336 2185; x_wconf 86' lang='lat' dir='ltr'>cogit</span> <span class='ocrx_word' id='word_1_131' title='bbox 354 2099 507 2162; x_wconf 81' lang='lat' dir='ltr'>admiratio</span> <span class='ocrx_word' id='word_1_132' title='bbox 528 2101 653 2182; x_wconf 85' lang='lat' dir='ltr'>antiqua.</span> <span class='ocrx_word' id='word_1_133' title='bbox 675 2098 757 2166; x_wconf 83' lang='lat' dir='ltr'>Cha·</span> 
     </span>
     <span class='ocr_line' id='line_1_24' title="bbox 83 2179 757 2264; baseline 0.006 -26"><span class='ocrx_word' id='word_1_134' title='bbox 83 2183 166 2248; x_wconf 75' lang='lat' dir='ltr'>racian</span> <span class='ocrx_word' id='word_1_135' title='bbox 180 2185 327 2247; x_wconf 82' lang='lat' dir='ltr'>vocabant</span> <span class='ocrx_word' id='word_1_136' title='bbox 340 2183 509 2244; x_wconf 83' lang='lat' dir='ltr'>crassiorem</span> <span class='ocrx_word' id='word_1_137' title='bbox 519 2179 757 2264; x_wconf 51' lang='lat' dir='ltr'>firmioremque:</span> 
     </span>
     <span class='ocr_line' id='line_1_25' title="bbox 68 2260 756 2338; baseline 0.003 -18"><span class='ocrx_word' id='word_1_138' title='bbox 68 2260 184 2338; x_wconf 50' lang='lat' dir='ltr'>‘plotian</span> <span class='ocrx_word' id='word_1_139' title='bbox 197 2267 273 2328; x_wconf 76' lang='lat' dir='ltr'>verb</span> <span class='ocrx_word' id='word_1_140' title='bbox 291 2263 490 2326; x_wconf 87' lang='lat' dir='ltr'>subtiliorem:</span> <span class='ocrx_word' id='word_1_141' title='bbox 514 2263 586 2326; x_wconf 85' lang='lat' dir='ltr'>hanc</span> <span class='ocrx_word' id='word_1_142' title='bbox 607 2266 639 2326; x_wconf 82' lang='lat' dir='ltr'>in</span> <span class='ocrx_word' id='word_1_143' title='bbox 658 2261 756 2322; x_wconf 83' lang='lat' dir='ltr'>insulis</span> 
     </span>
     <span class='ocr_line' id='line_1_26' title="bbox 83 2339 758 2424; baseline 0 -22"><span class='ocrx_word' id='word_1_144' title='bbox 83 2339 251 2418; x_wconf 79' lang='lat' dir='ltr'>fluitantibus</span> <span class='ocrx_word' id='word_1_145' title='bbox 278 2361 396 2416; x_wconf 83' lang='lat' dir='ltr'>natam,</span> <span class='ocrx_word' id='word_1_146' title='bbox 419 2343 498 2406; x_wconf 87' lang='lat' dir='ltr'>illam</span> <span class='ocrx_word' id='word_1_147' title='bbox 515 2346 547 2404; x_wconf 92' lang='lat' dir='ltr'>in</span> <span class='ocrx_word' id='word_1_148' title='bbox 565 2346 634 2424; x_wconf 86' lang='lat' dir='ltr'>ripis</span> <span class='ocrx_word' id='word_1_149' title='bbox 656 2343 758 2424; x_wconf 84' lang='lat' dir='ltr'>exspa-</span> 
     </span>
     <span class='ocr_line' id='line_1_27' title="bbox 83 2423 758 2498; baseline 0.001 -18"><span class='ocrx_word' id='word_1_150' title='bbox 83 2423 168 2488; x_wconf 85' lang='lat' dir='ltr'>tiantis</span> <span class='ocrx_word' id='word_1_151' title='bbox 177 2491 181 2498; x_wconf 57' lang='grc'><strong>,</strong></span> <span class='ocrx_word' id='word_1_152' title='bbox 189 2425 279 2488; x_wconf 77' lang='lat' dir='ltr'>lactis·</span> <span class='ocrx_word' id='word_1_153' title='bbox 296 2425 396 2486; x_wconf 86' lang='lat' dir='ltr'>Tertia</span> <span class='ocrx_word' id='word_1_154' title='bbox 416 2425 527 2485; x_wconf 87' lang='lat' dir='ltr'>arundo</span> <span class='ocrx_word' id='word_1_155' title='bbox 539 2423 580 2484; x_wconf 87' lang='lat' dir='ltr'>est</span> <span class='ocrx_word' id='word_1_156' title='bbox 591 2424 696 2484; x_wconf 87' lang='lat' dir='ltr'>tibialis</span> <span class='ocrx_word' id='word_1_157' title='bbox 708 2443 758 2482; x_wconf 84' lang='lat' dir='ltr'>ca·</span> 
     </span>
     <span class='ocr_line' id='line_1_28' title="bbox 83 2500 756 2590; baseline -0.007 -25"><span class='ocrx_word' id='word_1_158' title='bbox 83 2500 163 2582; x_wconf 82' lang='lat' dir='ltr'>lami,</span> <span class='ocrx_word' id='word_1_159' title='bbox 174 2529 264 2590; x_wconf 87' lang='lat' dir='ltr'>quem</span> <span class='ocrx_word' id='word_1_160' title='bbox 285 2508 434 2567; x_wconf 85' lang='lat' dir='ltr'>auleticon</span> <span class='ocrx_word' id='word_1_161' title='bbox 449 2503 598 2564; x_wconf 81' lang='lat' dir='ltr'>dicebant:</span> <span class='ocrx_word' id='word_1_162' title='bbox 613 2522 692 2562; x_wconf 87' lang='lat' dir='ltr'>nono</span> <span class='ocrx_word' id='word_1_163' title='bbox 706 2503 756 2560; x_wconf 89' lang='lat' dir='ltr'>hic</span> 
     </span>
     <span class='ocr_line' id='line_1_29' title="bbox 83 2581 761 2650; baseline -0.004 -7"><span class='ocrx_word' id='word_1_164' title='bbox 83 2605 151 2648; x_wconf 89' lang='lat' dir='ltr'>anno</span> <span class='ocrx_word' id='word_1_165' title='bbox 171 2587 348 2650; x_wconf 83' lang='lat' dir='ltr'>nascebatur.</span> <span class='ocrx_word' id='word_1_166' title='bbox 373 2585 493 2646; x_wconf 86' lang='lat' dir='ltr'>Nam&amp;</span> <span class='ocrx_word' id='word_1_167' title='bbox 504 2581 581 2642; x_wconf 79' lang='lat' dir='ltr'>lacirs</span> <span class='ocrx_word' id='word_1_168' title='bbox 597 2583 761 2640; x_wconf 64' lang='lat' dir='ltr'>incrementa</span> 
     </span>
     <span class='ocr_line' id='line_1_30' title="bbox 83 2661 760 2750; baseline -0.006 -26"><span class='ocrx_word' id='word_1_169' title='bbox 83 2679 110 2724; x_wconf 88' lang='lat' dir='ltr'>ta</span> <span class='ocrx_word' id='word_1_170' title='bbox 122 2667 179 2729; x_wconf 90' lang='lat' dir='ltr'>hoc</span> <span class='ocrx_word' id='word_1_171' title='bbox 190 2669 331 2750; x_wconf 86' lang='lat' dir='ltr'>temporis</span> <span class='ocrx_word' id='word_1_172' title='bbox 342 2666 434 2747; x_wconf 91' lang='lat' dir='ltr'>spatio</span> <span class='ocrx_word' id='word_1_173' title='bbox 445 2663 576 2724; x_wconf 86' lang='lat' dir='ltr'>servabat</span> <span class='ocrx_word' id='word_1_174' title='bbox 587 2683 594 2721; x_wconf 74' lang='grc' dir='ltr'><strong><em>ε</em></strong></span> <span class='ocrx_word' id='word_1_175' title='bbox 609 2661 760 2742; x_wconf 79' lang='lat' dir='ltr'>prodigio·</span> 
     </span>
     <span class='ocr_line' id='line_1_31' title="bbox 85 2741 760 2832; baseline -0.01 -26"><span class='ocrx_word' id='word_1_176' title='bbox 85 2741 143 2820; x_wconf 86' lang='lat' dir='ltr'>sus,</span> <span class='ocrx_word' id='word_1_177' title='bbox 162 2752 186 2809; x_wconf 91' lang='lat' dir='ltr'>si</span> <span class='ocrx_word' id='word_1_178' title='bbox 204 2750 322 2832; x_wconf 87' lang='lat' dir='ltr'>quando</span> <span class='ocrx_word' id='word_1_179' title='bbox 341 2745 560 2828; x_wconf 82' lang='lat' dir='ltr'>amplitudinem</span> <span class='ocrx_word' id='word_1_180' title='bbox 577 2741 694 2802; x_wconf 75' lang='lat' dir='ltr'>biennii)</span> <span class='ocrx_word' id='word_1_181' title='bbox 706 2761 760 2800; x_wconf 84' lang='lat' dir='ltr'>ex-</span> 
     </span>
    </p>
   </div>
   <div class='ocr_carea' id='block_1_3' title="bbox 84 2820 762 2968">
    <p class='ocr_par' dir='ltr' id='par_1_4' title="bbox 84 2820 762 2968">
     <span class='ocr_line' id='line_1_32' title="bbox 84 2820 762 2968; baseline 0.004 -80"><span class='ocrx_word' id='word_1_182' title='bbox 84 2829 230 2903; x_wconf 81' lang='lat' dir='ltr'>tendisset:</span> <span class='ocrx_word' id='word_1_183' title='bbox 246 2829 328 2914; x_wconf 85' lang='lat' dir='ltr'>quod</span> <span class='ocrx_word' id='word_1_184' title='bbox 346 2844 480 2892; x_wconf 85' lang='lat' dir='ltr'>notatum</span> <span class='ocrx_word' id='word_1_185' title='bbox 489 2823 573 2968; x_wconf 53' lang='lat' dir='ltr'>apuli}</span> <span class='ocrx_word' id='word_1_186' title='bbox 573 2820 762 2891; x_wconf 66' lang='lat' dir='ltr'>,cheroniam</span> 
     </span>
     <span class='ocr_line' id='line_1_33' title="bbox 390 2927 603 2967; baseline 0.005 -1"><span class='ocrx_word' id='word_1_187' title='bbox 390 2945 392 2948; x_wconf 94' lang='lat'>-</span> <span class='ocrx_word' id='word_1_188' title='bbox 582 2927 603 2967; x_wconf 80' lang='lat' dir='ltr'><strong>v</strong></span> 
     </span>
    </p>
   </div>
   <div class='ocr_carea' id='block_1_4' title="bbox 0 0 972 3592">
    <p class='ocr_par' dir='ltr' id='par_1_5' title="bbox 0 0 972 3592">
     <span class='ocr_line' id='line_1_34' title="bbox 0 0 972 3592; baseline 0 0"><span class='ocrx_word' id='word_1_189' title='bbox 0 0 972 3592; x_wconf 95' lang='lat' dir='ltr'> </span> 
     </span>
    </p>
   </div>
  </div>
 </body>
</html>
