1954 3594
212 281 282 380 368
336 281 373 353 C.
397 278 574 351 Putu'tu
601 281 787 351 Nurum

209 421 277 484 quae
294 399 437 462 Laconica
457 399 629 482 appellantr.
647 398 829 478 Adjiciuutut
841 399 885 460 hit

210 503 334 566 genera,
356 482 494 552 bromos,
517 482 600 541 silio
624 499 763 563 excepta,
778 482 811 542 Iit
831 499 886 540 tra·

211 585 277 646 gos,
285 561 547 624 externaomniaab
587 560 888 642 rienteinvetlmory-

212 666 255 705 2ae
266 645 380 704 similia.
389 642 487 722 Tiphe
500 644 533 704 &
546 641 606 723 ipsa
622 640 751 721 ejusdem
761 641 801 702 est
810 661 889 724 gene

210 728 270 798 sis,
284 745 320 786 ex
335 725 393 806 qui
413 721 446 783 fit
456 727 485 782 in
497 721 596 782 nostro
609 724 681 782 orbe
692 744 794 804 oryza.
803 721 888 804 Apud

212 803 395 866 Graecosest
412 824 474 864 zea.
502 802 693 886 Traduntque
714 823 779 864 eam
800 825 833 862 ac
857 805 890 861 ti·

215 886 315 968 phen,
332 888 400 946 clun
415 888 472 946 sint
488 885 525 944 de
547 905 666 956 eneas,
676 885 772 944 redire
789 881 853 942 ads
878 915 889 930 ·

215 962 363 1040 mentum,
375 967 399 1024 si
415 963 496 1046 pistae
517 905 662 1026 guantur:
675 984 731 1024 nec
748 966 888 1046 protinus,

213 1045 268 1107 sed
282 1050 369 1106 tertio
390 1067 476 1107 anno.

211 1167 213 1172 -
257 1125 340 1187 XXI.
355 1124 470 1188 Tritico
492 1125 564 1188 nihil
581 1123 622 1186 eII
641 1125 781 1187 fertilius:
800 1124 887 1187 hoeei

215 1225 318 1270 natura
335 1207 450 1281 tribuit,
470 1209 610 1290 quoniam
629 1228 667 1268 eo
689 1209 818 1268 maxitnl
833 1206 885 1266 ale·

215 1289 267 1350 bat
285 1288 456 1379 huminem:
474 1305 577 1370 utpote
590 1289 657 1349 clun
669 1307 686 1348 e
699 1289 820 1359 modio,
830 1291 851 1346 si
857 1288 887 1344 sit

215 1385 319 1451 aptum
341 1368 454 1443 solum,
474 1370 560 1452 quale
585 1371 615 1429 iu
634 1367 764 1450 Byzacio
791 1367 886 1428 Affieae

216 1471 343 1530 campo,
360 1451 474 1510 centeni
497 1451 689 1532 quinquageni
714 1449 806 1510 modii
828 1448 886 1508 red·

219 1531 334 1590 dantur.
357 1529 438 1590 Misit
457 1551 494 1590 ex
514 1551 552 1591 eo
564 1531 641 1590 -loco
663 1531 736 1591 divo
767 1526 885 1610 Augusto

244 1627 392 1672 recuratur
411 1609 473 1691 ejus
490 1631 527 1670 ex
547 1632 607 1671 uno
625 1631 714 1692 grano
728 1609 799 1692 (vix
808 1608 884 1670 credi·
949 1681 950 1688 ἵ

216 1633 281 1752 Ille
298 1690 394 1773 dittu)
417 1709 501 1752 cccc
522 1694 619 1772 paucis
644 1693 740 1751 minus
758 1692 883 1772 germina,
949 1689 950 1692 ’

221 1773 391 1854 exstantque
412 1773 449 1834 de
469 1773 504 1832 eit
515 1793 546 1832 re
557 1769 695 1854 epistolae.
706 1771 788 1832 Misit
799 1769 883 1833 &Ne-
949 1781 950 1816 l

219 1856 289 1916 soni
303 1853 434 1914 similiter
456 1870 570 1916 cccux.
586 1851 702 1935 stipulas
712 1873 750 1914 ex
763 1873 819 1913 uno
832 1871 883 1934 gn·

223 1957 274 1996 no.
295 1931 374 1994 Cum
395 1936 555 1996 centesimo
574 1935 693 2016 quidem
711 1935 746 1996 δι
765 1929 884 1994 Leontini
949 1941 950 2012 J

221 2013 327 2076 Siciliae
345 2019 439 2098 campi
452 2015 587 2086 fundunt,
604 2011 885 2096 aliique,&totaBe·
949 2019 950 2052 ³

222 2098 296 2168 tica,
314 2097 346 2158 &
370 2098 401 2155 in
426 2099 525 2176 prImis
545 2095 701 2178 AEgyptus.
722 2095 885 2158 Fertilissima

223 2178 311 2235 tritici
326 2195 449 2256 genera,
470 2175 631 2250 ramosum,
644 2194 693 2237 aut
715 2177 796 2257 quod
811 2176 887 2237 centi-
949 2175 950 2182 ’

223 2257 355 2338 granium
366 2271 481 2315 vocant.
500 2255 639 2318 Inventus
657 2255 699 2317 est
717 2255 776 2336 jam
794 2258 825 2320 &
842 2254 887 2317 sta·
949 2257 950 2304 i

225 2357 280 2419 pus
299 2356 372 2396 unus
393 2353 510 2396 centum
531 2335 604 2398 fabis
625 2335 754 2398 onustus.
949 2339 950 2366 l

267 2414 363 2478 XXII.
381 2415 492 2479 AEstiva
509 2416 651 2479 frumenta
668 2419 813 2494 diluimus,
830 2415 887 2479 seia·
949 2445 950 2484 ς

224 2517 328 2570 mam,
348 2498 477 2572 milium,
506 2501 651 2580 panicum.
668 2497 828 2559 Sesamaab
852 2497 886 2558 Iu·
949 2545 950 2574 i

224 2580 272 2640 dis
290 2581 391 2641 venit:
409 2601 446 2640 ex
463 2580 497 2640 et
514 2582 547 2641 &
564 2580 667 2640 ¹oleum
686 2578 886 2641 faciuntzcolor
949 2615 950 2640 3

224 2661 290 2738 ejus
299 2660 444 2720 candidus.
457 2659 533 2722 Huic
546 2661 640 2720 simile
650 2657 692 2721 est
701 2662 732 2720 iu
744 2659 813 2721 Astt
824 2657 886 2720 (irs

225 2740 329 2821 ciique
345 2743 522 2820 erysimum,
542 2741 681 2823 idemque
691 2757 770 2818 erat,
780 2742 830 2801 nisi
837 2741 886 2821 pin·

225 2823 309 2901 guius
327 2819 412 2884 esset:
432 2821 511 2902 quod
528 2822 606 2906 apud
625 2842 680 2885 nos
706 2839 812 2888 vocant
833 2820 885 2881 irio·
