1932 3588
201 309 275 412 308
332 311 370 384 C.
400 309 585 384 P'ttrttt
610 307 797 384 Nuntia.

129 501 131 506 .
202 453 282 518 gunt.
303 432 337 494 Id
353 449 506 515 utrumque
524 430 646 493 studium
662 433 792 506 tardum,
804 443 884 516 pra-³
957 409 958 468 i

202 531 285 576 terea
300 514 475 575 retorridum
488 513 674 576 &nodosum
694 514 809 588 reddit,
828 533 883 594 pu-

202 597 358 658 milionum
375 597 565 655 incremento.
586 593 617 656 0
639 597 743 654 timum
765 611 885 666 autem,

203 675 398 739 matrem-eise
412 673 543 748 firmam,
565 697 604 756 po
631 695 666 735 ea
684 673 775 736 fetum
796 675 886 734 auda-

203 777 278 818 cem.
297 755 362 818 Nec
382 772 477 817 tutum
499 755 541 816 est
563 756 643 838 quod
664 754 885 826 cicatricosam,
957 805 958 830 ,

202 857 311 921 magno
330 839 481 920 impetitiae
500 857 607 897 errore.
622 835 778 919 Quidquid
791 834 886 896 estta·
957 835 958 840 ’

204 919 256 992 le,
276 917 367 1000 plagit
393 916 533 990 nascitur,
552 937 612 977 non
629 937 645 977 e
668 935 769 978 matre.
793 915 886 976 Totas

183 1003 285 1062 ⁴enirn
306 997 393 1058 habet
414 998 462 1059 illa
480 999 557 1059 vires
576 997 646 1058 dum
666 997 885 1059 roborarunt&

203 1099 315 1140 annuos
333 1073 437 1160 aceipit
454 1095 515 1140 tota
536 1077 625 1150 fetus,
642 1080 708 1138 cbm
722 1075 886 1158 permiffum

202 1159 289 1220 fuerit
307 1158 390 1220 nasci.
416 1159 466 1223 Nil
487 1175 584 1220 natura
602 1161 784 1239 portionibus
801 1159 887 1240 parit.

204 1237 286 1319 Quae
299 1241 375 1300 eiam
399 1241 581 1314 excreverit,
602 1238 666 1300 satis
687 1238 770 1300 firma
796 1241 887 1322 proti·

204 1341 259 1382 nus
275 1322 304 1378 in
322 1318 391 1402 jugo
413 1321 551 1382 collocari
569 1319 705 1384 debebit:
721 1323 765 1380 sin
785 1323 887 1380 etiam·

205 1419 277 1464 nunt
295 1399 438 1461 infirmior
457 1404 527 1476 erit,
542 1401 592 1461 sub
607 1399 668 1482 ipso
679 1399 749 1484 jugo
765 1399 888 1482 hospita·

205 1485 232 1543 ri
247 1480 343 1542 recisa.
373 1481 509 1556 Viribus,
526 1503 586 1543 non
606 1499 690 1543 aetate
712 1483 887 1543 decernitur.

205 1561 409 1624 Temerarium
427 1561 487 1636 est,
504 1580 570 1624 ante
591 1564 809 1624 crassitudinem
824 1561 888 1644 pol·

205 1643 324 1705 lica-rem
338 1645 391 1704 viti
409 1645 561 1724 imperate.
580 1642 718 1726 Sequenti
734 1665 811 1704 anno
827 1642 886 1724 pd-

206 1727 291 1787 mites
311 1722 460 1784 serventur
468 1723 657 1820 proviribus
680 1727 777 1785 matris
794 1727 889 1806 singu·

207 1805 229 1866 li
248 1799 305 1865 aut'
317 1807 433 1886 gemini.
452 1803 546 1866 lrdem
566 1806 600 1867 =&
623 1803 738 1875 secuto,
756 1807 780 1866 si
802 1819 885 1887 coget

205 1885 377 1958 infirmitas,
401 1889 559 1946 nuttiantur
577 1908 584 1946 t
603 1889 750 1967 tertioque
769 1886 886 1946 demum

207 1967 269 2028 duo
290 1965 469 2048 adjiciantur.
489 1966 554 2028 Nec
572 1964 635 2028 sunt
655 1967 750 2048 piures
775 1977 885 2048 quateri

208 2051 253 2109 nis
263 2067 400 2129 umquam
411 2049 604 2130 permittendi.
614 2047 885 2129 breviterque,non

207 2128 418 2210 indulgendum
434 2126 493 2200 est,
508 2127 663 2211 &semper
677 2129 832 2189 inhibenda
847 2127 885 2188 fe-

207 2208 348 2270 cunditas.
369 2207 411 2268 Ea
431 2206 473 2268 est
498 2211 576 2269 enim
597 2227 711 2282 natura,
731 2227 763 2270 ut
788 2225 885 2291 parete

208 2289 306 2360 malit,
328 2287 414 2370 quim
441 2289 553 2350 vivere.
582 2289 737 2372 Quidquid
764 2291 885 2350 materie

189 2370 361 2439 -adimitur,
380 2367 482 2428 fruetui
503 2372 624 2432 accedit.
646 2371 698 2432 Ilia
715 2367 884 2430 seminante

208 2451 292 2524 vult,
308 2449 394 2532 quim
413 2448 535 2510 studium
572 2454 652 2534 igni,
676 2453 812 2533 quoniam
829 2448 884 2510 fn-

209 2531 269 2594 dus
292 2531 398 2592 caduca
418 2551 464 2592 res
482 2530 533 2592 est.
552 2471 604 2593 gSic
627 2533 790 2614 perniciose
807 2531 884 2592 luxu·

209 2615 284 2674 tiar:
302 2633 357 2672 nec
372 2612 487 2694 ampliat
501 2611 548 2685 se,
571 2613 620 2673 sed
641 2615 744 2696 egerit.

211 2725 216 2734 ·
246 2693 337 2754 Dabit
360 2693 513 2754 consilium
532 2694 565 2754 δι
586 2692 637 2754 soli
658 2712 767 2756 natura.
785 2691 819 2754 In
830 2703 886 2751 mai

208 2792 277 2846 cro,
293 2775 403 2833 etiarnsi
413 2777 490 2834 vires
512 2773 646 2847 habebit,
660 2773 748 2835 recisa
757 2776 828 2833 intra
841 2770 884 2850 itt·

208 2869 471 2934 summoretur,ut
480 2855 574 2920 omnis
584 2853 677 2919 fetura
685 2854 737 2919 sub
747 2875 784 2918 eo
794 2867 882 2917 exeat.
