1954 3594
150 313 247 385 Hrs
263 332 372 384 ron.
385 313 461 384 Lib.
481 312 610 385 XVIII.
662 335 733 410 379

26 407 30 416 Ι
51 433 153 498 monii
163 434 291 508 domita,
304 433 392 494 etiam
403 432 550 494 coloribus
564 430 653 514 pidia,
662 453 734 516 prae·

52 534 95 580 tet
106 514 189 579 suum
199 561 209 591 ,
221 514 360 590 serraliis,
379 534 524 596 purpureo
535 535 735 597 quoquezne·

52 617 106 680 que
129 596 209 660 aliud
225 598 256 658 in
276 596 348 656 cibis
366 597 457 678 tingui
478 595 573 656 decet.
626 627 627 631 =
697 621 701 630 ·

90 675 211 740 Genera
237 697 338 738 eorum
359 675 456 739 Graeci
476 677 535 738 duo
550 677 642 758 prima
655 675 735 739 fece-

51 779 99 832 re,
112 757 295 829 masculum,
314 756 561 840 semiuirumque,
581 758 614 820 ἃ
635 777 671 818 ea
689 757 736 819 se·

53 827 134 900 rendi
157 839 250 900 modo
271 859 306 898 ex
327 839 432 900 eodem
450 838 580 899 semine:
597 839 734 902 densiore

51 922 127 981 enim
147 918 209 980 satu
228 917 451 994 masculescete,
464 922 576 981 iteruin
588 919 665 980 terrd
676 917 735 980 dif-

52 997 131 1062 ficili.
165 999 274 1064 Semeu
295 999 492 1080 praestantius,
513 1001 573 1082 quo
593 998 734 1064 subtilius.

51 1077 170 1161 Species
191 1081 265 1143 vero
286 1071 417 1144 omnium
434 1101 502 1142 tres.
524 1083 587 1142 Aut
605 1083 733 1144 enimin

51 1161 231 1224 latitudinem
242 1160 323 1222 fundi
334 1207 344 1236 ,
354 1180 403 1223 aut
412 1164 443 1222 iu
454 1162 659 1224 rotunditatem
671 1161 735 1244 glo·

51 1241 120 1304 bari.
136 1239 270 1304 Tertiam
286 1241 415 1325 speciem
431 1241 592 1305 silvestrem
609 1243 736 1326 appella·

51 1343 140 1397 vete,
157 1325 186 1384 in
210 1323 423 1405 longitudinem
442 1325 538 1384 radice
559 1345 734 1405 procurren-

52 1418 99 1475 te,
119 1403 240 1486 raphani
260 1405 468 1480 similitudine,
487 1406 520 1468 δι
532 1404 603 1466 folio
614 1401 734 1488 angulo-

53 1481 82 1545 so
99 1483 274 1568 scabroque,
289 1484 376 1546 succo
399 1487 476 1547 acri:
500 1489 550 1567 qui
566 1489 643 1548 circa
657 1484 734 1548 mes-¹

52 1562 108 1626 sem
118 1584 257 1649 exceptus
274 1569 377 1628 oculos
388 1583 509 1648 purget,
520 1569 729 1651 medeaturque

54 1645 183 1730 caligini,
200 1647 328 1708 admixto
346 1647 417 1708 lacte
429 1648 592 1711 mulierum.
613 1647 734 1731 FrIgore

55 1726 183 1790 duchora
208 1727 271 1790 fieri
296 1726 488 1790 exIstimantur
506 1731 539 1792 dc
558 1730 732 1826 grandiora:

55 1823 154 1890 tepore
173 1811 203 1869 in
225 1807 296 1870 folia
314 1827 430 1872 exeunt.
448 1808 591 1871 Palmam
604 1810 734 1874 Nursino

55 1909 120 1968 agro
131 1889 321 1952 nascentibus.
340 1889 463 1952 Taxatio
481 1894 510 1951 in
529 1890 614 1952 libras
631 1891 733 1954 sester-

54 1971 84 2031 tii
93 1973 133 2032 sin
155 1972 218 2046 uli,
239 1972 272 2033 δι
287 1973 316 2032 in
331 1971 451 2058 penurid
466 1972 537 2033 bini.
558 1971 733 2036 Proximain

56 2047 119 2112 Ali
143 2053 264 2114 onatis.
627 2089 629 2094 ,
687 2083 690 2090 ⁴

151 2132 218 2194 XV.
241 2131 318 2214 Napi
340 2131 414 2194 veri>
436 2131 637 2207 Amiternini,
659 2154 735 2217 quo·

56 2231 118 2274 rum
136 2214 238 2276 eadem
251 2213 311 2274 fere
323 2230 441 2286 natura,
470 2215 577 2276 audent
594 2217 676 2298 aequd
687 2215 735 2278 fri·

55 2294 134 2372 gidis.
154 2235 575 2359 seruntur&ante1dalendas
593 2296 729 2371 Martias,

55 2373 82 2432 in
98 2373 200 2458 jugero
223 2374 334 2436 sextarii
380 2395 492 2441 uatuor.
519 2376 732 2460 Diligentiores

56 2457 151 2535 quinto
162 2455 240 2517 sulco
252 2478 288 2516 na
310 2397 424 2517 umleri
435 2457 553 2537 jubent,
566 2479 633 2537 rapa
644 2479 733 2539 quat-

55 2549 101 2610 ro,
117 2479 453 2619 utrumquedercorato.
471 2537 552 2618 Rapa
564 2537 673 2598 laetiora
683 2537 735 2598 fie-

55 2616 96 2688 ri,
111 2620 133 2678 si
148 2639 216 2680 curn
238 2617 320 2699 palei
340 2615 523 2678 seminentur.
547 2614 649 2679 Serere
675 2639 734 2678 nu·

57 2693 123 2758 dum
141 2699 265 2771 volunt,
285 2715 453 2781 precantem
466 2697 520 2758 sihi
531 2699 563 2760 ἃ
574 2697 676 2758 vicinis
688 2695 733 2758 se·

56 2795 116 2841 rere
139 2776 180 2856 se.
207 2777 290 2840 Satus
312 2781 424 2860 utrique
444 2781 540 2861 generi
559 2775 664 2859 justus,
689 2781 734 2838 ina

56 2870 97 2920 ter
113 2860 237 2925 duorum
252 2860 403 2922 numinum
417 2859 478 2924 dies
495 2857 602 2932 festos,
615 2858 733 2943 Neptu·
