<?xml version="1.0" encoding="UTF-8"?>
<!DOCTYPE html PUBLIC "-//W3C//DTD XHTML 1.0 Transitional//EN"
    "http://www.w3.org/TR/xhtml1/DTD/xhtml1-transitional.dtd">
<html xmlns="http://www.w3.org/1999/xhtml" xml:lang="en" lang="en">
 <head>
  <title>
</title>
<meta http-equiv="Content-Type" content="text/html;charset=utf-8" />
  <meta name='ocr-system' content='tesseract 3.04.00' />
  <meta name='ocr-capabilities' content='ocr_page ocr_carea ocr_par ocr_line ocrx_word'/>
</head>
<body>
  <div class='ocr_page' id='page_1' title='image "./caiipliniisecun01brotgoog_0173.png"; bbox 0 0 1942 3586; ppageno 0'>
   <div class='ocr_carea' id='block_1_1' title="bbox 220 300 902 500">
    <p class='ocr_par' dir='ltr' id='par_1_1' title="bbox 220 300 902 500">
     <span class='ocr_line' id='line_1_1' title="bbox 224 300 800 400; baseline 0.002 -28"><span class='ocrx_word' id='word_1_1' title='bbox 224 301 292 390; x_wconf 84' lang='lat'>164</span> <span class='ocrx_word' id='word_1_2' title='bbox 344 301 380 372; x_wconf 84' lang='lat' dir='ltr'>C.</span> <span class='ocrx_word' id='word_1_3' title='bbox 408 300 590 371; x_wconf 76' lang='lat' dir='ltr'>Pnrnrr</span> <span class='ocrx_word' id='word_1_4' title='bbox 609 301 800 400; x_wconf 65' lang='lat' dir='ltr'>Narun.</span> 
     </span>
     <span class='ocr_line' id='line_1_2' title="bbox 220 417 902 500; baseline 0.003 -20"><span class='ocrx_word' id='word_1_5' title='bbox 220 423 307 480; x_wconf 78' lang='lat' dir='ltr'>etiarn</span> <span class='ocrx_word' id='word_1_6' title='bbox 322 417 406 491; x_wconf 88' lang='lat' dir='ltr'>Sole,</span> <span class='ocrx_word' id='word_1_7' title='bbox 424 420 633 500; x_wconf 83' lang='lat' dir='ltr'>conditurque,</span> <span class='ocrx_word' id='word_1_8' title='bbox 652 436 683 479; x_wconf 92' lang='lat' dir='ltr'>ut</span> <span class='ocrx_word' id='word_1_9' title='bbox 695 421 792 494; x_wconf 84' lang='lat' dir='ltr'>oliva,</span> <span class='ocrx_word' id='word_1_10' title='bbox 814 419 902 482; x_wconf 70' lang='lat' dir='ltr'>cadis)</span> 
     </span>
    </p>
   </div>
   <div class='ocr_carea' id='block_1_2' title="bbox 127 499 959 2926">
    <p class='ocr_par' dir='ltr' id='par_1_2' title="bbox 219 499 902 724">
     <span class='ocr_line' id='line_1_3' title="bbox 261 499 901 583; baseline 0 -23"><span class='ocrx_word' id='word_1_11' title='bbox 261 499 374 561; x_wconf 87' lang='lat' dir='ltr'><strong>XXXI.</strong></span> <span class='ocrx_word' id='word_1_12' title='bbox 395 499 441 561; x_wconf 85' lang='lat'>26.</span> <span class='ocrx_word' id='word_1_13' title='bbox 462 499 540 578; x_wconf 74' lang='lat' dir='ltr'>Qua</span> <span class='ocrx_word' id='word_1_14' title='bbox 557 521 624 560; x_wconf 84' lang='lat' dir='ltr'>cura</span> <span class='ocrx_word' id='word_1_15' title='bbox 642 502 675 562; x_wconf 70' lang='grc' dir='ltr'>δι</span> <span class='ocrx_word' id='word_1_16' title='bbox 691 503 804 574; x_wconf 87' lang='lat' dir='ltr'>cornis,</span> <span class='ocrx_word' id='word_1_17' title='bbox 816 519 901 583; x_wconf 86' lang='lat' dir='ltr'>atque</span> 
     </span>
     <span class='ocr_line' id='line_1_4' title="bbox 219 580 902 664; baseline 0.001 -23"><span class='ocrx_word' id='word_1_18' title='bbox 219 584 307 641; x_wconf 84' lang='lat' dir='ltr'>etiam</span> <span class='ocrx_word' id='word_1_19' title='bbox 327 580 446 642; x_wconf 88' lang='lat' dir='ltr'>lentisco</span> <span class='ocrx_word' id='word_1_20' title='bbox 457 582 626 652; x_wconf 86' lang='lat' dir='ltr'>adhibetur,</span> <span class='ocrx_word' id='word_1_21' title='bbox 644 602 682 642; x_wconf 87' lang='lat' dir='ltr'>ne</span> <span class='ocrx_word' id='word_1_22' title='bbox 695 582 764 664; x_wconf 88' lang='lat' dir='ltr'>quid</span> <span class='ocrx_word' id='word_1_23' title='bbox 776 603 839 642; x_wconf 90' lang='lat' dir='ltr'>non</span> <span class='ocrx_word' id='word_1_24' title='bbox 849 583 902 642; x_wconf 90' lang='lat' dir='ltr'>hu·</span> 
     </span>
     <span class='ocr_line' id='line_1_5' title="bbox 219 651 902 724; baseline -0.001 -1"><span class='ocrx_word' id='word_1_25' title='bbox 219 665 307 723; x_wconf 82' lang='lat' dir='ltr'>minis</span> <span class='ocrx_word' id='word_1_26' title='bbox 324 665 420 724; x_wconf 79' lang='lat' dir='ltr'>uentri</span> <span class='ocrx_word' id='word_1_27' title='bbox 442 679 541 722; x_wconf 88' lang='lat' dir='ltr'>natum</span> <span class='ocrx_word' id='word_1_28' title='bbox 553 651 610 722; x_wconf 78' lang='lat' dir='ltr'>effe</span> <span class='ocrx_word' id='word_1_29' title='bbox 621 663 764 723; x_wconf 82' lang='lat' dir='ltr'>videatur.</span> <span class='ocrx_word' id='word_1_30' title='bbox 774 662 902 724; x_wconf 86' lang='lat' dir='ltr'>Miscen-</span> 
     </span>
    </p>

    <p class='ocr_par' dir='ltr' id='par_1_3' title="bbox 140 743 903 906">
     <span class='ocr_line' id='line_1_6' title="bbox 140 743 903 826; baseline 0.004 -24"><span class='ocrx_word' id='word_1_31' title='bbox 140 807 143 811; x_wconf 56' lang='grc'><strong>,</strong></span> <span class='ocrx_word' id='word_1_32' title='bbox 219 758 268 810; x_wconf 87' lang='lat' dir='ltr'>tur</span> <span class='ocrx_word' id='word_1_33' title='bbox 285 743 420 822; x_wconf 68' lang='lat' dir='ltr'>sapores,</span> <span class='ocrx_word' id='word_1_34' title='bbox 433 744 465 803; x_wconf 90' lang='lat'><strong>&amp;</strong></span> <span class='ocrx_word' id='word_1_35' title='bbox 481 744 539 804; x_wconf 89' lang='lat' dir='ltr'>alio</span> <span class='ocrx_word' id='word_1_36' title='bbox 560 743 630 804; x_wconf 87' lang='lat' dir='ltr'>alius</span> <span class='ocrx_word' id='word_1_37' title='bbox 651 743 766 824; x_wconf 84' lang='lat' dir='ltr'>placere</span> <span class='ocrx_word' id='word_1_38' title='bbox 778 745 903 826; x_wconf 83' lang='lat' dir='ltr'>cogitur.</span> 
     </span>
     <span class='ocr_line' id='line_1_7' title="bbox 219 822 900 906; baseline 0 -23"><span class='ocrx_word' id='word_1_39' title='bbox 219 822 378 884; x_wconf 87' lang='lat' dir='ltr'>Miscentur</span> <span class='ocrx_word' id='word_1_40' title='bbox 401 825 474 884; x_wconf 75' lang='lat' dir='ltr'>verb</span> <span class='ocrx_word' id='word_1_41' title='bbox 493 825 525 884; x_wconf 86' lang='lat'>&amp;</span> <span class='ocrx_word' id='word_1_42' title='bbox 548 843 631 883; x_wconf 86' lang='lat' dir='ltr'>rerrae</span> <span class='ocrx_word' id='word_1_43' title='bbox 650 825 770 906; x_wconf 73' lang='lat' dir='ltr'>caelique</span> <span class='ocrx_word' id='word_1_44' title='bbox 786 823 900 884; x_wconf 65' lang='lat' dir='ltr'>tratius.</span> 
     </span>
    </p>

    <p class='ocr_par' dir='ltr' id='par_1_4' title="bbox 145 901 902 978">
     <span class='ocr_line' id='line_1_8' title="bbox 145 901 902 978; baseline 0.001 -15"><span class='ocrx_word' id='word_1_45' title='bbox 145 935 147 937; x_wconf 95' lang='lat'>·</span> <span class='ocrx_word' id='word_1_46' title='bbox 219 901 255 963; x_wconf 88' lang='lat' dir='ltr'>In</span> <span class='ocrx_word' id='word_1_47' title='bbox 272 906 328 964; x_wconf 88' lang='lat' dir='ltr'>alio</span> <span class='ocrx_word' id='word_1_48' title='bbox 342 905 398 964; x_wconf 89' lang='lat' dir='ltr'>cibi</span> <span class='ocrx_word' id='word_1_49' title='bbox 429 924 516 964; x_wconf 87' lang='lat' dir='ltr'>enere</span> <span class='ocrx_word' id='word_1_50' title='bbox 527 901 608 963; x_wconf 87' lang='lat' dir='ltr'>India</span> <span class='ocrx_word' id='word_1_51' title='bbox 620 904 794 978; x_wconf 85' lang='lat' dir='ltr'>advocatur,</span> <span class='ocrx_word' id='word_1_52' title='bbox 807 909 838 964; x_wconf 93' lang='lat' dir='ltr'>in</span> <span class='ocrx_word' id='word_1_53' title='bbox 848 904 902 964; x_wconf 86' lang='lat' dir='ltr'>alio</span> 
     </span>
    </p>

    <p class='ocr_par' dir='ltr' id='par_1_5' title="bbox 131 981 902 1286">
     <span class='ocr_line' id='line_1_9' title="bbox 131 981 902 1122; baseline 0.001 -79"><span class='ocrx_word' id='word_1_54' title='bbox 131 1037 134 1043; x_wconf 92' lang='lat'><em>.</em></span> <span class='ocrx_word' id='word_1_55' title='bbox 219 983 387 1122; x_wconf 44' lang='lat' dir='ltr'>AEgyfftus,</span> <span class='ocrx_word' id='word_1_56' title='bbox 424 981 902 1068; x_wconf 82' lang='lat' dir='ltr'>reta,Cyrene‚singulaequerer-</span> 
     </span>
     <span class='ocr_line' id='line_1_10' title="bbox 218 1063 900 1140; baseline 0.004 -17"><span class='ocrx_word' id='word_1_57' title='bbox 218 1084 269 1125; x_wconf 83' lang='lat' dir='ltr'>rae.</span> <span class='ocrx_word' id='word_1_58' title='bbox 319 1085 352 1123; x_wconf 87' lang='lat' dir='ltr'>ec</span> <span class='ocrx_word' id='word_1_59' title='bbox 374 1063 497 1127; x_wconf 84' lang='lat' dir='ltr'>ceffatin</span> <span class='ocrx_word' id='word_1_60' title='bbox 508 1064 659 1125; x_wconf 86' lang='lat' dir='ltr'>veneficiis</span> <span class='ocrx_word' id='word_1_61' title='bbox 670 1069 747 1140; x_wconf 83' lang='lat' dir='ltr'>vita,</span> <span class='ocrx_word' id='word_1_62' title='bbox 765 1067 900 1126; x_wconf 88' lang='lat' dir='ltr'><strong>dummo·</strong></span> 
     </span>
     <span class='ocr_line' id='line_1_11' title="bbox 219 1144 901 1208; baseline 0.001 -4"><span class='ocrx_word' id='word_1_63' title='bbox 219 1144 260 1204; x_wconf 91' lang='lat' dir='ltr'>do</span> <span class='ocrx_word' id='word_1_64' title='bbox 278 1147 375 1204; x_wconf 89' lang='lat' dir='ltr'>omnia</span> <span class='ocrx_word' id='word_1_65' title='bbox 395 1145 527 1208; x_wconf 87' lang='lat' dir='ltr'>devoret.</span> <span class='ocrx_word' id='word_1_66' title='bbox 542 1145 656 1206; x_wconf 81' lang='lat' dir='ltr'>Planius</span> <span class='ocrx_word' id='word_1_67' title='bbox 667 1146 723 1207; x_wconf 87' lang='lat' dir='ltr'>hoc</span> <span class='ocrx_word' id='word_1_68' title='bbox 736 1145 788 1208; x_wconf 87' lang='lat' dir='ltr'>fiet</span> <span class='ocrx_word' id='word_1_69' title='bbox 799 1149 831 1206; x_wconf 91' lang='lat' dir='ltr'>in</span> <span class='ocrx_word' id='word_1_70' title='bbox 841 1147 901 1208; x_wconf 86' lang='lat' dir='ltr'>her·</span> 
     </span>
     <span class='ocr_line' id='line_1_12' title="bbox 222 1223 455 1286; baseline 0.004 -1"><span class='ocrx_word' id='word_1_71' title='bbox 222 1223 325 1285; x_wconf 82' lang='lat' dir='ltr'>barum</span> <span class='ocrx_word' id='word_1_72' title='bbox 346 1225 455 1286; x_wconf 73' lang='lat' dir='ltr'>naturai.</span> 
     </span>
    </p>

    <p class='ocr_par' dir='ltr' id='par_1_6' title="bbox 217 1303 901 2194">
     <span class='ocr_line' id='line_1_13' title="bbox 260 1303 901 1389; baseline 0.003 -25"><span class='ocrx_word' id='word_1_73' title='bbox 260 1303 384 1367; x_wconf 81' lang='lat' dir='ltr'>xxxss.</span> <span class='ocrx_word' id='word_1_74' title='bbox 403 1329 450 1386; x_wconf 90' lang='lat'>27.</span> <span class='ocrx_word' id='word_1_75' title='bbox 470 1305 589 1366; x_wconf 83' lang='lat' dir='ltr'>Interim</span> <span class='ocrx_word' id='word_1_76' title='bbox 607 1328 672 1389; x_wconf 79' lang='lat' dir='ltr'>quae</span> <span class='ocrx_word' id='word_1_77' title='bbox 692 1305 755 1368; x_wconf 88' lang='lat' dir='ltr'>sunt</span> <span class='ocrx_word' id='word_1_78' title='bbox 767 1328 901 1368; x_wconf 83' lang='lat' dir='ltr'><strong>commu·</strong></span> 
     </span>
     <span class='ocr_line' id='line_1_14' title="bbox 218 1385 899 1470; baseline 0.001 -25"><span class='ocrx_word' id='word_1_79' title='bbox 218 1385 267 1445; x_wconf 88' lang='lat' dir='ltr'>nia</span> <span class='ocrx_word' id='word_1_80' title='bbox 288 1387 431 1468; x_wconf 86' lang='lat' dir='ltr'>&amp;pomis</span> <span class='ocrx_word' id='word_1_81' title='bbox 448 1386 638 1470; x_wconf 85' lang='lat' dir='ltr'>omnibusque</span> <span class='ocrx_word' id='word_1_82' title='bbox 647 1386 755 1460; x_wconf 89' lang='lat' dir='ltr'>succis,</span> <span class='ocrx_word' id='word_1_83' title='bbox 767 1389 796 1449; x_wconf 88' lang='lat' dir='ltr'>sa</span> <span class='ocrx_word' id='word_1_84' title='bbox 820 1407 899 1448; x_wconf 87' lang='lat' dir='ltr'>orum</span> 
     </span>
     <span class='ocr_line' id='line_1_15' title="bbox 218 1411 900 1550; baseline 0.004 -25"><span class='ocrx_word' id='word_1_85' title='bbox 218 1485 323 1548; x_wconf 84' lang='lat' dir='ltr'>genera</span> <span class='ocrx_word' id='word_1_86' title='bbox 340 1485 411 1528; x_wconf 87' lang='lat' dir='ltr'>xr11.</span> <span class='ocrx_word' id='word_1_87' title='bbox 437 1471 636 1550; x_wconf 84' lang='lat' dir='ltr'>reperiuntur:</span> <span class='ocrx_word' id='word_1_88' title='bbox 652 1468 763 1543; x_wconf 85' lang='lat' dir='ltr'>dulcis,</span> <span class='ocrx_word' id='word_1_89' title='bbox 783 1411 900 1542; x_wconf 65' lang='lat' dir='ltr'>riuus,</span> 
     </span>
     <span class='ocr_line' id='line_1_16' title="bbox 219 1547 900 1628; baseline 0.001 -22"><span class='ocrx_word' id='word_1_90' title='bbox 219 1549 356 1628; x_wconf 82' lang='lat' dir='ltr'>pinguis,</span> <span class='ocrx_word' id='word_1_91' title='bbox 374 1569 500 1621; x_wconf 82' lang='lat' dir='ltr'>amarus,</span> <span class='ocrx_word' id='word_1_92' title='bbox 517 1547 663 1622; x_wconf 81' lang='lat' dir='ltr'>austerus,</span> <span class='ocrx_word' id='word_1_93' title='bbox 684 1569 768 1622; x_wconf 85' lang='lat' dir='ltr'>acer,</span> <span class='ocrx_word' id='word_1_94' title='bbox 787 1567 900 1621; x_wconf 83' lang='lat' dir='ltr'>acutus,</span> 
     </span>
     <span class='ocr_line' id='line_1_17' title="bbox 218 1627 901 1700; baseline 0.003 -14"><span class='ocrx_word' id='word_1_95' title='bbox 218 1628 359 1699; x_wconf 87' lang='lat' dir='ltr'>acerbus,</span> <span class='ocrx_word' id='word_1_96' title='bbox 380 1628 499 1700; x_wconf 85' lang='lat' dir='ltr'>acidus,</span> <span class='ocrx_word' id='word_1_97' title='bbox 518 1628 611 1690; x_wconf 86' lang='lat' dir='ltr'>salsus.</span> <span class='ocrx_word' id='word_1_98' title='bbox 635 1627 741 1690; x_wconf 86' lang='lat' dir='ltr'>Praeter</span> <span class='ocrx_word' id='word_1_99' title='bbox 755 1630 901 1700; x_wconf 75' lang='lat' dir='ltr'>haec,tria</span> 
     </span>
     <span class='ocr_line' id='line_1_18' title="bbox 218 1705 900 1790; baseline 0.001 -22"><span class='ocrx_word' id='word_1_100' title='bbox 218 1705 282 1768; x_wconf 78' lang='lat' dir='ltr'>sunt</span> <span class='ocrx_word' id='word_1_101' title='bbox 292 1728 396 1790; x_wconf 82' lang='lat' dir='ltr'>genera</span> <span class='ocrx_word' id='word_1_102' title='bbox 408 1709 527 1768; x_wconf 84' lang='lat' dir='ltr'>mirabili</span> <span class='ocrx_word' id='word_1_103' title='bbox 538 1709 661 1768; x_wconf 70' lang='lat' dir='ltr'>maxime</span> <span class='ocrx_word' id='word_1_104' title='bbox 672 1711 781 1770; x_wconf 71' lang='lat' dir='ltr'>naturai.</span> <span class='ocrx_word' id='word_1_105' title='bbox 790 1711 900 1780; x_wconf 84' lang='lat' dir='ltr'>Unum,</span> 
     </span>
     <span class='ocr_line' id='line_1_19' title="bbox 219 1788 900 1872; baseline 0.003 -24"><span class='ocrx_word' id='word_1_106' title='bbox 219 1789 251 1848; x_wconf 85' lang='lat' dir='ltr'>in</span> <span class='ocrx_word' id='word_1_107' title='bbox 273 1810 332 1870; x_wconf 92' lang='lat' dir='ltr'>quo</span> <span class='ocrx_word' id='word_1_108' title='bbox 353 1790 449 1870; x_wconf 80' lang='lat' dir='ltr'>plures</span> <span class='ocrx_word' id='word_1_109' title='bbox 470 1791 575 1869; x_wconf 79' lang='lat' dir='ltr'>pariter</span> <span class='ocrx_word' id='word_1_110' title='bbox 591 1788 749 1850; x_wconf 85' lang='lat' dir='ltr'>sentiuntur</span> <span class='ocrx_word' id='word_1_111' title='bbox 764 1790 900 1872; x_wconf 80' lang='lat' dir='ltr'>sapores,</span> 
     </span>
     <span class='ocr_line' id='line_1_20' title="bbox 219 1869 899 1952; baseline 0.003 -23"><span class='ocrx_word' id='word_1_112' title='bbox 219 1875 253 1929; x_wconf 87' lang='lat' dir='ltr'>ut</span> <span class='ocrx_word' id='word_1_113' title='bbox 272 1871 357 1930; x_wconf 86' lang='lat' dir='ltr'>vinis.</span> <span class='ocrx_word' id='word_1_114' title='bbox 382 1869 518 1952; x_wconf 88' lang='lat' dir='ltr'>Namque</span> <span class='ocrx_word' id='word_1_115' title='bbox 538 1872 568 1930; x_wconf 90' lang='lat' dir='ltr'>in</span> <span class='ocrx_word' id='word_1_116' title='bbox 585 1870 629 1929; x_wconf 89' lang='lat' dir='ltr'>his</span> <span class='ocrx_word' id='word_1_117' title='bbox 651 1871 684 1931; x_wconf 89' lang='lat'>&amp;</span> <span class='ocrx_word' id='word_1_118' title='bbox 703 1869 851 1945; x_wconf 87' lang='lat' dir='ltr'>austerus,</span> <span class='ocrx_word' id='word_1_119' title='bbox 866 1871 899 1931; x_wconf 73' lang='grc' dir='ltr'>δι</span> 
     </span>
     <span class='ocr_line' id='line_1_21' title="bbox 219 1948 899 2024; baseline 0.006 -16"><span class='ocrx_word' id='word_1_120' title='bbox 219 1968 337 2022; x_wconf 82' lang='lat' dir='ltr'>acutus,</span> <span class='ocrx_word' id='word_1_121' title='bbox 352 1951 384 2010; x_wconf 86' lang='lat'>&amp;</span> <span class='ocrx_word' id='word_1_122' title='bbox 404 1951 515 2024; x_wconf 88' lang='lat' dir='ltr'>dulcis,</span> <span class='ocrx_word' id='word_1_123' title='bbox 534 1952 567 2012; x_wconf 86' lang='lat'>&amp;</span> <span class='ocrx_word' id='word_1_124' title='bbox 587 1948 698 2013; x_wconf 79' lang='lat' dir='ltr'>suavis:</span> <span class='ocrx_word' id='word_1_125' title='bbox 713 1973 821 2024; x_wconf 61' lang='lat' dir='ltr'>ornnesv</span> <span class='ocrx_word' id='word_1_126' title='bbox 834 1952 899 2012; x_wconf 85' lang='lat' dir='ltr'>alie&#39;·</span> 
     </span>
     <span class='ocr_line' id='line_1_22' title="bbox 219 2029 898 2112; baseline 0.004 -24"><span class='ocrx_word' id='word_1_127' title='bbox 219 2031 259 2089; x_wconf 88' lang='lat' dir='ltr'>ni.</span> <span class='ocrx_word' id='word_1_128' title='bbox 279 2029 414 2090; x_wconf 89' lang='lat' dir='ltr'>Alterum</span> <span class='ocrx_word' id='word_1_129' title='bbox 431 2029 472 2090; x_wconf 85' lang='lat' dir='ltr'>est</span> <span class='ocrx_word' id='word_1_130' title='bbox 507 2053 599 2104; x_wconf 91' lang='lat' dir='ltr'>enus,</span> <span class='ocrx_word' id='word_1_131' title='bbox 613 2033 642 2090; x_wconf 89' lang='lat' dir='ltr'>in</span> <span class='ocrx_word' id='word_1_132' title='bbox 664 2052 724 2112; x_wconf 89' lang='lat' dir='ltr'>quo</span> <span class='ocrx_word' id='word_1_133' title='bbox 737 2035 774 2092; x_wconf 88' lang='lat' dir='ltr'>sit</span> <span class='ocrx_word' id='word_1_134' title='bbox 786 2034 820 2094; x_wconf 90' lang='lat'>&amp;</span> <span class='ocrx_word' id='word_1_135' title='bbox 833 2032 898 2092; x_wconf 85' lang='lat' dir='ltr'>alie·</span> 
     </span>
     <span class='ocr_line' id='line_1_23' title="bbox 217 2109 898 2194; baseline 0.006 -26"><span class='ocrx_word' id='word_1_136' title='bbox 217 2109 271 2168; x_wconf 85' lang='lat' dir='ltr'>nus</span> <span class='ocrx_word' id='word_1_137' title='bbox 290 2110 429 2191; x_wconf 86' lang='lat' dir='ltr'>quidem,</span> <span class='ocrx_word' id='word_1_138' title='bbox 447 2109 464 2170; x_wconf 92' lang='lat' dir='ltr'>s</span> <span class='ocrx_word' id='word_1_139' title='bbox 519 2113 551 2172; x_wconf 89' lang='lat'><strong>&amp;</strong></span> <span class='ocrx_word' id='word_1_140' title='bbox 567 2111 631 2171; x_wconf 87' lang='lat' dir='ltr'>suus</span> <span class='ocrx_word' id='word_1_141' title='bbox 653 2113 770 2192; x_wconf 86' lang='lat' dir='ltr'>quidam</span> <span class='ocrx_word' id='word_1_142' title='bbox 796 2135 831 2184; x_wconf 80' lang='lat' dir='ltr'>ac</span> <span class='ocrx_word' id='word_1_143' title='bbox 853 2131 898 2194; x_wconf 88' lang='lat' dir='ltr'>pe·</span> 
     </span>
    </p>

    <p class='ocr_par' dir='ltr' id='par_1_7' title="bbox 127 2189 959 2926">
     <span class='ocr_line' id='line_1_24' title="bbox 185 2189 897 2272; baseline 0.004 -24"><span class='ocrx_word' id='word_1_144' title='bbox 185 2224 188 2229; x_wconf 95' lang='lat'>·</span> <span class='ocrx_word' id='word_1_145' title='bbox 218 2190 350 2260; x_wconf 78' lang='lat' dir='ltr'>culiaris,</span> <span class='ocrx_word' id='word_1_146' title='bbox 372 2207 403 2249; x_wconf 89' lang='lat' dir='ltr'>ut</span> <span class='ocrx_word' id='word_1_147' title='bbox 423 2193 455 2249; x_wconf 89' lang='lat' dir='ltr'>in</span> <span class='ocrx_word' id='word_1_148' title='bbox 472 2190 553 2252; x_wconf 64' lang='lat' dir='ltr'>lafita.</span> <span class='ocrx_word' id='word_1_149' title='bbox 580 2189 734 2272; x_wconf 83' lang='lat' dir='ltr'>Siquidem·</span> <span class='ocrx_word' id='word_1_150' title='bbox 749 2193 824 2254; x_wconf 88' lang='lat' dir='ltr'>inest</span> <span class='ocrx_word' id='word_1_151' title='bbox 853 2194 897 2263; x_wconf 88' lang='lat' dir='ltr'>ei,</span> 
     </span>
     <span class='ocr_line' id='line_1_25' title="bbox 218 2269 898 2355; baseline 0.01 -28"><span class='ocrx_word' id='word_1_152' title='bbox 218 2269 299 2348; x_wconf 86' lang='lat' dir='ltr'>quod</span> <span class='ocrx_word' id='word_1_153' title='bbox 319 2286 414 2328; x_wconf 88' lang='lat' dir='ltr'>tarnen</span> <span class='ocrx_word' id='word_1_154' title='bbox 434 2269 498 2350; x_wconf 79' lang='lat' dir='ltr'>jure</span> <span class='ocrx_word' id='word_1_155' title='bbox 517 2271 574 2331; x_wconf 89' lang='lat' dir='ltr'>dici</span> <span class='ocrx_word' id='word_1_156' title='bbox 595 2272 700 2345; x_wconf 88' lang='lat' dir='ltr'><strong>dulce,</strong></span> <span class='ocrx_word' id='word_1_157' title='bbox 721 2274 753 2336; x_wconf 91' lang='lat'>&amp;</span> <span class='ocrx_word' id='word_1_158' title='bbox 774 2277 898 2355; x_wconf 81' lang='lat' dir='ltr'>pingue,</span> 
     </span>
     <span class='ocr_line' id='line_1_26' title="bbox 218 2347 898 2430; baseline 0.01 -23"><span class='ocrx_word' id='word_1_159' title='bbox 218 2349 253 2412; x_wconf 90' lang='lat'>&amp;</span> <span class='ocrx_word' id='word_1_160' title='bbox 271 2347 357 2408; x_wconf 83' lang='lat' dir='ltr'>suave</span> <span class='ocrx_word' id='word_1_161' title='bbox 375 2371 434 2410; x_wconf 90' lang='lat' dir='ltr'>non</span> <span class='ocrx_word' id='word_1_162' title='bbox 455 2348 573 2430; x_wconf 73' lang='lat' dir='ltr'>puiset,</span> <span class='ocrx_word' id='word_1_163' title='bbox 595 2351 745 2414; x_wconf 82' lang='lat' dir='ltr'>obtinente</span> <span class='ocrx_word' id='word_1_164' title='bbox 767 2355 898 2424; x_wconf 87' lang='lat' dir='ltr'>lenitate,</span> 
     </span>
     <span class='ocr_line' id='line_1_27' title="bbox 218 2427 959 2511; baseline 0.007 -23"><span class='ocrx_word' id='word_1_165' title='bbox 218 2450 284 2510; x_wconf 84' lang='lat' dir='ltr'>quae</span> <span class='ocrx_word' id='word_1_166' title='bbox 305 2428 364 2510; x_wconf 84' lang='lat' dir='ltr'>ipsa</span> <span class='ocrx_word' id='word_1_167' title='bbox 378 2427 503 2491; x_wconf 88' lang='lat' dir='ltr'>succedit</span> <span class='ocrx_word' id='word_1_168' title='bbox 512 2433 542 2492; x_wconf 90' lang='lat' dir='ltr'>in</span> <span class='ocrx_word' id='word_1_169' title='bbox 551 2430 658 2511; x_wconf 88' lang='lat' dir='ltr'>saporis</span> <span class='ocrx_word' id='word_1_170' title='bbox 670 2435 779 2496; x_wconf 81' lang='lat' dir='ltr'>vicem.</span> <span class='ocrx_word' id='word_1_171' title='bbox 795 2433 896 2494; x_wconf 84' lang='lat' dir='ltr'>Nullus</span> <span class='ocrx_word' id='word_1_172' title='bbox 958 2503 959 2507; x_wconf 7' lang='grc' dir='ltr'>η</span> 
     </span>
     <span class='ocr_line' id='line_1_28' title="bbox 217 2511 896 2594; baseline 0.004 -24"><span class='ocrx_word' id='word_1_173' title='bbox 217 2511 265 2571; x_wconf 87' lang='lat' dir='ltr'>hic</span> <span class='ocrx_word' id='word_1_174' title='bbox 281 2533 298 2570; x_wconf 84' lang='lat' dir='ltr'>a</span> <span class='ocrx_word' id='word_1_175' title='bbox 319 2513 375 2582; x_wconf 86' lang='lat' dir='ltr'>uis,</span> <span class='ocrx_word' id='word_1_176' title='bbox 387 2533 424 2572; x_wconf 87' lang='lat' dir='ltr'>ne</span> <span class='ocrx_word' id='word_1_177' title='bbox 442 2511 540 2573; x_wconf 88' lang='lat' dir='ltr'>succus</span> <span class='ocrx_word' id='word_1_178' title='bbox 559 2514 694 2594; x_wconf 87' lang='lat' dir='ltr'>quidem,</span> <span class='ocrx_word' id='word_1_179' title='bbox 706 2531 738 2574; x_wconf 86' lang='lat' dir='ltr'>ut</span> <span class='ocrx_word' id='word_1_180' title='bbox 752 2532 849 2576; x_wconf 87' lang='lat' dir='ltr'>tamen</span> <span class='ocrx_word' id='word_1_181' title='bbox 860 2533 896 2576; x_wconf 87' lang='lat' dir='ltr'>eo</span> 
     </span>
     <span class='ocr_line' id='line_1_29' title="bbox 219 2532 896 2676; baseline 0.006 -26"><span class='ocrx_word' id='word_1_182' title='bbox 219 2590 282 2670; x_wconf 87' lang='lat' dir='ltr'>ipso</span> <span class='ocrx_word' id='word_1_183' title='bbox 294 2532 343 2651; x_wconf 58' lang='lat' dir='ltr'>(iat</span> <span class='ocrx_word' id='word_1_184' title='bbox 354 2593 453 2674; x_wconf 82' lang='lat' dir='ltr'>aliquis</span> <span class='ocrx_word' id='word_1_185' title='bbox 461 2640 470 2665; x_wconf 92' lang='lat'><strong>,</strong></span> <span class='ocrx_word' id='word_1_186' title='bbox 479 2615 513 2654; x_wconf 83' lang='lat' dir='ltr'>ac</span> <span class='ocrx_word' id='word_1_187' title='bbox 528 2591 609 2653; x_wconf 87' lang='lat' dir='ltr'>suum</span> <span class='ocrx_word' id='word_1_188' title='bbox 620 2615 710 2676; x_wconf 85' lang='lat' dir='ltr'>genus</span> <span class='ocrx_word' id='word_1_189' title='bbox 720 2593 814 2656; x_wconf 83' lang='lat' dir='ltr'>faciat.</span> <span class='ocrx_word' id='word_1_190' title='bbox 826 2589 896 2656; x_wconf 75' lang='lat' dir='ltr'>Sen&#39;·</span> 
     </span>
     <span class='ocr_line' id='line_1_30' title="bbox 219 2671 896 2755; baseline 0.009 -25"><span class='ocrx_word' id='word_1_191' title='bbox 219 2673 266 2730; x_wconf 89' lang='lat' dir='ltr'>tiri</span> <span class='ocrx_word' id='word_1_192' title='bbox 286 2672 404 2753; x_wconf 86' lang='lat' dir='ltr'>quidem</span> <span class='ocrx_word' id='word_1_193' title='bbox 419 2695 500 2755; x_wconf 88' lang='lat' dir='ltr'>aquae</span> <span class='ocrx_word' id='word_1_194' title='bbox 519 2671 650 2754; x_wconf 87' lang='lat' dir='ltr'>saporem</span> <span class='ocrx_word' id='word_1_195' title='bbox 674 2675 755 2736; x_wconf 84' lang='lat' dir='ltr'>illurn</span> <span class='ocrx_word' id='word_1_196' title='bbox 772 2674 896 2736; x_wconf 82' lang='lat' dir='ltr'>succum·</span> 
     </span>
     <span class='ocr_line' id='line_1_31' title="bbox 215 2751 895 2835; baseline 0.006 -25"><span class='ocrx_word' id='word_1_197' title='bbox 215 2770 274 2823; x_wconf 79' lang='lat' dir='ltr'>ve,</span> <span class='ocrx_word' id='word_1_198' title='bbox 290 2753 392 2811; x_wconf 84' lang='lat' dir='ltr'>vitium</span> <span class='ocrx_word' id='word_1_199' title='bbox 409 2751 458 2813; x_wconf 86' lang='lat' dir='ltr'>est.</span> <span class='ocrx_word' id='word_1_200' title='bbox 487 2753 628 2835; x_wconf 85' lang='lat' dir='ltr'>Magnum</span> <span class='ocrx_word' id='word_1_201' title='bbox 650 2754 693 2814; x_wconf 89' lang='lat' dir='ltr'>his</span> <span class='ocrx_word' id='word_1_202' title='bbox 713 2757 848 2818; x_wconf 87' lang='lat' dir='ltr'>omnibus</span> <span class='ocrx_word' id='word_1_203' title='bbox 866 2757 895 2814; x_wconf 88' lang='lat' dir='ltr'>in</span> 
     </span>
     <span class='ocr_line' id='line_1_32' title="bbox 127 2829 895 2926; baseline 0.014 -37"><span class='ocrx_word' id='word_1_204' title='bbox 127 2847 146 2902; x_wconf 77' lang='lat' dir='ltr'><em>s</em></span> <span class='ocrx_word' id='word_1_205' title='bbox 219 2829 313 2894; x_wconf 76' lang='lat' dir='ltr'>adore</span> <span class='ocrx_word' id='word_1_206' title='bbox 336 2849 544 2910; x_wconf 83' lang='lat' dir='ltr'>momentum,</span> <span class='ocrx_word' id='word_1_207' title='bbox 574 2835 611 2900; x_wconf 86' lang='lat'>&amp;</span> <span class='ocrx_word' id='word_1_208' title='bbox 624 2854 729 2926; x_wconf 73' lang='lat' dir='ltr'>magna</span> <span class='ocrx_word' id='word_1_209' title='bbox 746 2839 895 2922; x_wconf 79' lang='lat' dir='ltr'>cognatio,</span> 
     </span>
    </p>
   </div>
   <div class='ocr_carea' id='block_1_3' title="bbox 0 0 976 3586">
    <p class='ocr_par' dir='ltr' id='par_1_8' title="bbox 0 0 976 3586">
     <span class='ocr_line' id='line_1_33' title="bbox 0 0 976 3586; baseline 0 1"><span class='ocrx_word' id='word_1_210' title='bbox 0 0 976 3586; x_wconf 95' lang='lat' dir='ltr'> </span> 
     </span>
    </p>
   </div>
  </div>
 </body>
</html>
