1932 3588
187 291 233 363 H
239 309 290 364 rs
306 307 414 363 ron.
438 289 512 363 Lib.
523 289 652 363 XVIII.
704 269 774 385 {47

82 409 156 495 jore
178 431 214 472 ex
239 428 320 493 parte
341 431 568 506 agemns‚·quae
588 411 694 470 nonin
713 411 773 474 alio

84 497 160 554 vitae
182 512 289 575 genere
318 492 399 572 plura
426 509 585 552 certiorave
610 489 683 550 sunt.
711 490 774 554 Cur

84 575 168 633 enim
184 593 245 632 non
269 572 420 633 videantur
438 571 572 645 oracula,
585 573 774 638 acertissimo

84 653 140 716 die
158 651 345 734 maximeque
363 651 496 714 veridico
515 649 566 712 usu
580 649 732 732 profellal

152 731 344 814 .Principium
353 748 452 793 antem
462 753 479 792 a
490 730 604 795 Catone
617 730 775 798 sumemtm

85 834 111 870 or
125 753 288 874 lenissimi
307 817 362 876 viri
376 816 409 877 δι
423 813 529 874 milites
537 811 724 874 strenuissimi
735 833 781 876 er·

84 919 108 956 n
123 894 258 976 agricolis
267 896 436 978 gignuntur,
451 893 570 956 minime
611 894 713 955 emale
725 915 783 957 co··

84 999 111 1038 ο
125 977 258 1058 girantes.
280 975 421 1036 Praerlium
438 994 477 1035 ne
494 975 581 1058 cupid
626 995 714 1038 ernas.
738 974 782 1038 ln·

84 1071 110 1116 η’
125 1076 157 1117 re
168 1055 271 1117 rustici
280 1074 422 1137 operaene
452 1058 585 1128 arcas,in
596 1075 666 1140 agro
676 1075 775 1118 emen·

85 1137 164 1198 ndo
189 1137 318 1198 minime.
346 1075 451 1215 Quol
461 1136 535 1198 male
553 1154 685 1218 emptum
707 1136 774 1211 est,

85 1243 108 1278 n
120 1215 236 1298 semper
255 1217 390 1298 poenitet.
411 1216 524 1298 Agrum
546 1233 694 1299 paraturos
706 1235 775 1280 ante

87 1323 110 1359 n
123 1299 223 1360 omnia
242 1298 348 1358 intueri
367 1311 485 1377 oportet
497 1315 601 1378 aquam
610 1341 622 1369 ,
631 1299 727 1370 viam,
739 1299 774 1362 ἀ

86 1403 110 1440 n
123 1380 255 1441 vicinum
262 1403 292 1440 n.
308 1375 426 1460 Singula
436 1396 552 1458 magnas
563 1379 776 1459 interpretatio·

87 1477 144 1518 nes
163 1457 293 1532 habent,
317 1477 372 1518 nec
394 1458 504 1519 dubias.
526 1456 602 1519 Cato
612 1459 642 1520 in
654 1475 774 1534 conter-

86 1539 179 1600 minis
191 1539 248 1599 hoc
263 1539 384 1623 amplius
398 1537 528 1599 aestimari
538 1536 637 1620 jubet,
652 1558 711 1624 quo
722 1561 776 1622 pa·

88 1618 139 1680 &o
149 1620 258 1680 niteant
271 1642 279 1680 ε
291 1641 311 1676 u
324 1619 358 1681 In
368 1619 446 1680 bona
454 1621 531 1679 enim
539 1663 549 1692 ,
558 1621 668 1702 iuquit,
681 1623 776 1703 regio·

89 1723 112 1760 a·
124 1719 164 1760 ne
178 1699 255 1760 bene
280 1701 373 1761 nitent
384 1724 413 1760 n.
430 1698 538 1760 Atilius
549 1699 706 1782 Regulus,
726 1700 776 1763 ille

87 1779 203 1841 Punico
223 1780 303 1841 bello
320 1780 365 1841 bis
379 1778 496 1854 consul,
516 1781 630 1855 aiebat,
646 1801 665 1836 a
678 1799 777 1864 neque

89 1882 111 1919 n
123 1861 339 1922 fecundissimis
350 1861 423 1921 locis
434 1859 606 1927 insalubrem
617 1880 718 1942 agrum
729 1881 778 1942 par

90 1964 111 2000 n
127 1941 270 2016 randum,
287 1961 382 2024 neque
404 1938 498 2001 effetis
521 1938 737 2012 saluberrimum
746 1961 777 2002 n.

90 2021 249 2083 Salubritas
267 2023 325 2085 loci
348 2042 408 2081 non
427 2019 541 2102 semper
554 2020 715 2082 incolarum
727 2043 778 2085 co·

90 2105 161 2164 ¹lore
178 2103 342 2185 detegitur,
360 2102 498 2184 quoniam
511 2098 618 2162 adsueti
637 2103 724 2162 etiam
745 2105 777 2164 in

93 2181 295 2266 pestilentibus
319 2183 431 2244 durant.
452 2181 593 2244 Praeterea
612 2181 677 2244 sunt
698 2203 778 2266 quae·

95 2264 165 2323 dam
182 2264 310 2347 partibus
340 2265 406 2324 anni
434 2261 571 2326 salubria:
589 2263 659 2326 nihil
679 2283 777 2327 autern

94 2343 216 2405 salutare
228 2344 286 2418 est,
303 2345 357 2405 nisi
377 2344 457 2428 quod
477 2363 543 2408 toto
563 2367 639 2408 anno
654 2343 779 2408 salubre.

93 2423 194 2486 Malus
210 2424 251 2486 est
268 2445 356 2507 ager,
375 2447 442 2486 cum
463 2447 523 2506 quo
542 2426 677 2486 dominus
694 2425 777 2485 lulla·

93 2521 152 2566 tur.
164 2503 239 2566 Cato
250 2507 326 2566 inter
342 2509 434 2586 prima
450 2503 566 2585 spellari
576 2504 677 2585 jubet,
689 2523 721 2564 ut
730 2505 777 2566 so·

94 2585 159 2646 lum
177 2584 227 2646 sua
245 2587 355 2647 virtute
375 2585 490 2656 valeat,
516 2583 574 2665 qua
601 2581 709 2644 difilum
734 2582 779 2645 est

94 2668 262 2748 positione:
275 2677 307 2727 ut
319 2686 339 2725 o
362 2665 518 2725 erariorum
526 2665 611 2746 copia
620 2663 713 2746 prope
725 2666 778 2736 sit,

94 2747 297 2829 oppidumque
304 2687 450 2807 validum:
465 2762 498 2805 ut
513 2745 693 2828 navigiorum
706 2743 779 2807 eve}

94 2825 160 2900 &aa
176 2827 227 2894 vel
244 2829 378 2891 itinerum
397 2849 406 2890 a
421 2841 454 2889 ut
470 2826 546 2890 bene
568 2821 724 2890 aedificatus
744 2823 779 2892 &

580 2905 657 2991 ij
