1954 3594
57 334 59 340 ¹
161 283 609 390 rursronnnn'vru.
659 313 726 412 ,ει

49 437 105 504 bus
133 437 293 500 obnoxium
315 435 368 498 est.
386 436 510 517 lmpunir
530 453 668 519 praererea
687 435 730 517 ja·

53 537 120 591 cet,
140 520 190 579 vel
218 517 387 579 dereliilum
409 521 516 594 eriam,
532 519 556 577 si
577 540 637 578 non
665 539 734 600 pro·-

51 603 130 678 rinus
151 597 239 660 securi
258 600 381 660 obruant
401 598 528 670 imbres,
544 596 580 659 ab
600 599 734 660 omnibus

55 679 225 742 animalibus
252 679 443 741 amaritudine
469 679 519 741 sul
544 697 648 742 rurum.
670 679 736 740 Ple·

55 782 178 842 rumque
196 778 293 822 tamen
303 761 362 822 levi
373 759 450 821 sulco
463 763 602 842 integunt.
613 759 657 820 Ex
664 761 737 822 den·

58 843 132 902 siore
156 840 234 902 terri
258 843 400 902 rubricam
428 841 553 901 maximi
575 859 662 904 amat.
685 841 737 904 Ad

56 920 128 982 lianc
150 922 283 984 alendam
323 919 367 982 ost
387 924 505 982 tertium
531 922 635 982 florem
660 923 737 984 verti

58 1001 168 1077 deber,
189 1005 218 1062 in
234 944 331 1064 fabul>
350 1001 414 1082 post
432 1002 596 1063 secundum.
616 999 738 1064 Cretosa

57 1085 186 1154 rantum,
201 1080 360 1165 limosaque
377 1084 457 1155 odit,
467 1085 500 1147 &
510 1086 539 1143 in
551 1085 584 1144 iis
600 1103 660 1144 non
670 1105 738 1165 pro·

57 1167 148 1233 ¹venit.
165 1161 344 1224 Macenrum
353 1163 439 1225 calidi
453 1165 527 1246 aqui
541 1164 652 1224 homini
665 1184 738 1245 quo·

78 1265 115 1306 ue
132 1245 165 1304 in
185 1245 252 1305 cibo
277 1243 328 1307 est.
350 1243 427 1306 Nam
443 1245 553 1307 hovem
573 1264 661 1306 unum
676 1265 739 1312 mo·

60 1265 99 1385 lii
118 1325 225 1407 singuli
243 1321 360 1396 satiant,
377 1325 565 1407 validumque
589 1324 737 1404 praestantr

61 1405 179 1488 quando
200 1407 286 1466 etiarn
303 1408 473 1487 impositum
493 1424 651 1487 puerorum
668 1426 741 1466 verr·

61 1487 152 1548 tribus
167 1527 177 1556 ,
194 1507 248 1567 pro
267 1486 398 1548 remedio
422 1485 472 1548 est.
496 1485 594 1548 Condi
612 1487 641 1545 in
658 1483 741 1550 fumo

63 1565 188 1628 maximi
196 1570 346 1638 convenit,
357 1570 494 1649 quoniam
504 1570 533 1628 in
544 1566 665 1628 humido
676 1587 741 1628 ven·

64 1648 164 1710 miculi
180 1646 347 1710 umbilicum
368 1646 428 1730 ejus
444 1651 474 1709 in
499 1647 675 1710 sterilitatem
696 1667 742 1707 ca·

65 1725 162 1790 llr‘ant.
184 1725 268 1790 Side
290 1725 382 1790 astum
405 1730 441 1788 sir
460 1731 491 1788 in
508 1728 630 1800 fronde,
653 1730 743 1789 inara-

66 1810 88 1868 ri
122 1810 234 1870 rotinus
268 1808 347 1870 olum
367 1830 440 1890 opus
460 1809 512 1871 est.

224 1888 262 1951 ll.
281 1909 326 1971 15.
345 1887 382 1952 Et
400 1890 477 1951 viril
495 1891 543 1971 pin
564 1888 681 1950 uescunt
699 1903 745 1948 ard

66 1989 122 2043 va,
138 1990 196 2032 nec
214 1968 273 2052 ipsa
290 1969 424 2053 agricolis
441 1991 533 2053 opero
545 1989 580 2030 a:
593 1991 652 2030 uno
665 1968 744 2032 sulco

68 2046 142 2125 satu,
164 2071 224 2112 non
240 2049 369 2122 ssrrirur,
397 2071 457 2112 non
480 2049 667 2124 stercoratur,
688 2070 744 2110 nec

69 2129 146 2192 aliud
164 2131 251 2214 quim
277 2133 441 2192 deoccarur.
467 2129 590 2192 Sationis
611 2129 674 2212 ejus
692 2133 746 2192 rria

70 2227 130 2272 rem
152 2233 219 2274 ora:
235 2214 310 2273 circa
329 2209 460 2274 occasum
475 2211 608 2288 Ariluri,
632 2230 664 2273 ut
679 2209 745 2272 De·

71 2233 179 2353 temlri
198 2291 294 2356 mense
314 2291 422 2375 pascar:
440 2312 509 2355 tunc
526 2292 747 2377 oprimiserirur

70 2373 100 2432 in
119 2372 228 2435 semen.
249 2373 341 2456 AEquh
355 2372 679 2456 namquefertdepasta.
699 2372 749 2434 Se·

71 2454 166 2520 cunda
183 2453 253 2516 satio
271 2453 366 2516 mense
388 2454 521 2516 Ianuario
546 2453 606 2514 est:
624 2455 748 2514 novissi·

71 2533 250 2609 maMarrior
263 2553 323 2619 rum
333 2535 369 2595 ad
378 2533 512 2594 frondem
522 2533 678 2592 utilissima
689 2530 749 2590 sic-

72 2617 189 2677 citatem
205 2636 242 2676 uu
261 2616 416 2689 omnibus,
432 2611 749 2696 quaeserunrur‚mani·

73 2689 121 2756 r‘nk
140 2714 238 2759 amar:
258 2718 318 2756 non
333 2694 497 2777 aspernatur
508 2695 595 2754 etiam
606 2688 752 2754 umbrosa.
777 2689 786 2702 “

72 2773 118 2836 Ex
133 2773 241 2838 semine
264 2774 348 2857 ejus,
362 2779 386 2837 si
404 2775 477 2837 leila
499 2791 609 2834 matura
626 2769 666 2832 est
677 2779 686 2844 ’,
694 2789 751 2914 Fae

73 2853 121 2921 lea
141 2860 245 2922 cereris
256 2855 417 2940 praeferrur.
426 2855 543 2920 Viribus
555 2854 681 2939 praeripir
706 2872 752 2950 uer
