<?xml version="1.0" encoding="UTF-8"?>
<!DOCTYPE html PUBLIC "-//W3C//DTD XHTML 1.0 Transitional//EN"
    "http://www.w3.org/TR/xhtml1/DTD/xhtml1-transitional.dtd">
<html xmlns="http://www.w3.org/1999/xhtml" xml:lang="en" lang="en">
 <head>
  <title>
</title>
<meta http-equiv="Content-Type" content="text/html;charset=utf-8" />
  <meta name='ocr-system' content='tesseract 3.04.00' />
  <meta name='ocr-capabilities' content='ocr_page ocr_carea ocr_par ocr_line ocrx_word'/>
</head>
<body>
  <div class='ocr_page' id='page_1' title='image "./caiipliniisecun01brotgoog_0364.png"; bbox 0 0 1932 3588; ppageno 0'>
   <div class='ocr_carea' id='block_1_1' title="bbox 173 327 733 431">
    <p class='ocr_par' dir='ltr' id='par_1_1' title="bbox 173 327 733 431">
     <span class='ocr_line' id='line_1_1' title="bbox 173 327 733 431; baseline -0.004 -27"><span class='ocrx_word' id='word_1_1' title='bbox 173 327 372 406; x_wconf 76' lang='lat' dir='ltr'>Hrsron.</span> <span class='ocrx_word' id='word_1_2' title='bbox 393 331 466 404; x_wconf 85' lang='lat' dir='ltr'>Lib.</span> <span class='ocrx_word' id='word_1_3' title='bbox 480 329 608 404; x_wconf 88' lang='lat' dir='ltr'><strong>XVIII.</strong></span> <span class='ocrx_word' id='word_1_4' title='bbox 660 345 733 431; x_wconf 78' lang='lat'>355</span> 
     </span>
    </p>
   </div>
   <div class='ocr_carea' id='block_1_2' title="bbox 45 449 788 2952">
    <p class='ocr_par' dir='ltr' id='par_1_2' title="bbox 45 449 788 2952">
     <span class='ocr_line' id='line_1_2' title="bbox 45 449 731 536; baseline -0.006 -20"><span class='ocrx_word' id='word_1_5' title='bbox 45 471 115 528; x_wconf 83' lang='lat' dir='ltr'>ces,</span> <span class='ocrx_word' id='word_1_6' title='bbox 135 469 243 536; x_wconf 77' lang='lat' dir='ltr'>prater</span> <span class='ocrx_word' id='word_1_7' title='bbox 265 451 370 512; x_wconf 78' lang='lat' dir='ltr'>-faliam</span> <span class='ocrx_word' id='word_1_8' title='bbox 389 496 399 526; x_wconf 89' lang='lat'>‚</span> <span class='ocrx_word' id='word_1_9' title='bbox 421 449 523 533; x_wconf 82' lang='lat' dir='ltr'>easque</span> <span class='ocrx_word' id='word_1_10' title='bbox 555 449 731 525; x_wconf 82' lang='lat' dir='ltr'>smrulosas,</span> 
     </span>
     <span class='ocr_line' id='line_1_3' title="bbox 46 531 788 615; baseline -0.005 -20"><span class='ocrx_word' id='word_1_11' title='bbox 46 537 194 615; x_wconf 90' lang='lat' dir='ltr'>quianon</span> <span class='ocrx_word' id='word_1_12' title='bbox 209 536 239 594; x_wconf 94' lang='lat' dir='ltr'>in</span> <span class='ocrx_word' id='word_1_13' title='bbox 256 534 348 594; x_wconf 90' lang='lat' dir='ltr'>multa</span> <span class='ocrx_word' id='word_1_14' title='bbox 369 532 536 594; x_wconf 85' lang='lat' dir='ltr'>dividuntur</span> <span class='ocrx_word' id='word_1_15' title='bbox 553 555 560 594; x_wconf 89' lang='lat'>:</span> <span class='ocrx_word' id='word_1_16' title='bbox 579 533 730 592; x_wconf 86' lang='lat' dir='ltr'>altissimas</span> <span class='ocrx_word' id='word_1_17' title='bbox 786 531 788 535; x_wconf 72' lang='grc'>’</span> 
     </span>
     <span class='ocr_line' id='line_1_4' title="bbox 46 611 732 676; baseline -0.004 -2"><span class='ocrx_word' id='word_1_18' title='bbox 46 631 147 676; x_wconf 85' lang='lat' dir='ltr'>autem</span> <span class='ocrx_word' id='word_1_19' title='bbox 163 615 250 675; x_wconf 85' lang='lat' dir='ltr'>cicer.</span> <span class='ocrx_word' id='word_1_20' title='bbox 275 613 430 674; x_wconf 86' lang='lat' dir='ltr'>Fntmenta</span> <span class='ocrx_word' id='word_1_21' title='bbox 452 611 549 674; x_wconf 88' lang='lat' dir='ltr'>multis</span> <span class='ocrx_word' id='word_1_22' title='bbox 568 612 732 673; x_wconf 83' lang='lat' dir='ltr'>radicantur</span> 
     </span>
     <span class='ocr_line' id='line_1_5' title="bbox 48 691 731 774; baseline 0 -20"><span class='ocrx_word' id='word_1_23' title='bbox 48 693 150 770; x_wconf 79' lang='lat' dir='ltr'>fibris,</span> <span class='ocrx_word' id='word_1_24' title='bbox 171 697 232 756; x_wconf 87' lang='lat' dir='ltr'>sine</span> <span class='ocrx_word' id='word_1_25' title='bbox 248 696 345 755; x_wconf 84' lang='lat' dir='ltr'>ramis.</span> <span class='ocrx_word' id='word_1_26' title='bbox 367 691 499 774; x_wconf 90' lang='lat' dir='ltr'>Erumpit</span> <span class='ocrx_word' id='word_1_27' title='bbox 518 713 536 752; x_wconf 90' lang='lat' dir='ltr'>a</span> <span class='ocrx_word' id='word_1_28' title='bbox 556 695 652 774; x_wconf 90' lang='lat' dir='ltr'>primo</span> <span class='ocrx_word' id='word_1_29' title='bbox 671 691 731 754; x_wconf 89' lang='lat' dir='ltr'>satu</span> 
     </span>
     <span class='ocr_line' id='line_1_6' title="bbox 47 773 733 856; baseline -0.006 -19"><span class='ocrx_word' id='word_1_30' title='bbox 47 775 195 837; x_wconf 81' lang='lat' dir='ltr'>hordeum</span> <span class='ocrx_word' id='word_1_31' title='bbox 215 774 264 834; x_wconf 90' lang='lat' dir='ltr'>die</span> <span class='ocrx_word' id='word_1_32' title='bbox 281 773 425 856; x_wconf 86' lang='lat' dir='ltr'>septimo:</span> <span class='ocrx_word' id='word_1_33' title='bbox 447 775 592 856; x_wconf 85' lang='lat' dir='ltr'>legumina</span> <span class='ocrx_word' id='word_1_34' title='bbox 605 790 733 856; x_wconf 88' lang='lat' dir='ltr'>quarto,</span> 
     </span>
     <span class='ocr_line' id='line_1_7' title="bbox 48 853 731 929; baseline -0.004 -12"><span class='ocrx_word' id='word_1_35' title='bbox 48 858 97 917; x_wconf 84' lang='lat' dir='ltr'>vel</span> <span class='ocrx_word' id='word_1_36' title='bbox 119 859 188 918; x_wconf 77' lang='lat' dir='ltr'>ciunt</span> <span class='ocrx_word' id='word_1_37' title='bbox 203 854 378 929; x_wconf 73' lang='lat' dir='ltr'>tardissime,</span> <span class='ocrx_word' id='word_1_38' title='bbox 410 875 425 915; x_wconf 93' lang='lat' dir='ltr'>e</span> <span class='ocrx_word' id='word_1_39' title='bbox 448 857 538 915; x_wconf 88' lang='lat' dir='ltr'>timo:</span> <span class='ocrx_word' id='word_1_40' title='bbox 555 853 653 914; x_wconf 81' lang='lat' dir='ltr'>sabaa</span> <span class='ocrx_word' id='word_1_41' title='bbox 672 869 731 914; x_wconf 87' lang='lat' dir='ltr'>xv.</span> 
     </span>
     <span class='ocr_line' id='line_1_8' title="bbox 47 933 732 1018; baseline 0 -22"><span class='ocrx_word' id='word_1_42' title='bbox 47 937 84 996; x_wconf 87' lang='lat' dir='ltr'>ad</span> <span class='ocrx_word' id='word_1_43' title='bbox 106 953 165 998; x_wconf 85' lang='lat' dir='ltr'>xx.</span> <span class='ocrx_word' id='word_1_44' title='bbox 188 935 347 1018; x_wconf 84' lang='lat' dir='ltr'>Legumina</span> <span class='ocrx_word' id='word_1_45' title='bbox 361 937 391 994; x_wconf 92' lang='lat' dir='ltr'>in</span> <span class='ocrx_word' id='word_1_46' title='bbox 445 951 540 1017; x_wconf 87' lang='lat' dir='ltr'>gypro</span> <span class='ocrx_word' id='word_1_47' title='bbox 560 936 649 997; x_wconf 84' lang='lat' dir='ltr'>tertio</span> <span class='ocrx_word' id='word_1_48' title='bbox 670 933 732 996; x_wconf 81' lang='lat' dir='ltr'>die.</span> 
     </span>
     <span class='ocr_line' id='line_1_9' title="bbox 48 1015 732 1098; baseline -0.004 -21"><span class='ocrx_word' id='word_1_49' title='bbox 48 1015 91 1077; x_wconf 81' lang='lat' dir='ltr'>Ex</span> <span class='ocrx_word' id='word_1_50' title='bbox 111 1015 229 1087; x_wconf 87' lang='lat' dir='ltr'>hordeo</span> <span class='ocrx_word' id='word_1_51' title='bbox 249 1018 372 1076; x_wconf 85' lang='lat' dir='ltr'>alterum</span> <span class='ocrx_word' id='word_1_52' title='bbox 393 1033 479 1097; x_wconf 86' lang='lat' dir='ltr'>caput</span> <span class='ocrx_word' id='word_1_53' title='bbox 501 1017 580 1098; x_wconf 81' lang='lat' dir='ltr'>grani</span> <span class='ocrx_word' id='word_1_54' title='bbox 598 1017 628 1076; x_wconf 93' lang='lat' dir='ltr'>in</span> <span class='ocrx_word' id='word_1_55' title='bbox 655 1015 732 1074; x_wconf 86' lang='lat' dir='ltr'>radi·</span> 
     </span>
     <span class='ocr_line' id='line_1_10' title="bbox 48 1094 780 1178; baseline 0.003 -22"><span class='ocrx_word' id='word_1_56' title='bbox 48 1117 113 1158; x_wconf 88' lang='lat' dir='ltr'>cem</span> <span class='ocrx_word' id='word_1_57' title='bbox 140 1099 219 1168; x_wconf 83' lang='lat' dir='ltr'>exit,</span> <span class='ocrx_word' id='word_1_58' title='bbox 239 1095 360 1157; x_wconf 89' lang='lat' dir='ltr'>alterum</span> <span class='ocrx_word' id='word_1_59' title='bbox 386 1098 415 1155; x_wconf 94' lang='lat' dir='ltr'>in</span> <span class='ocrx_word' id='word_1_60' title='bbox 439 1095 586 1169; x_wconf 80' lang='lat' dir='ltr'>herbam,</span> <span class='ocrx_word' id='word_1_61' title='bbox 607 1115 670 1178; x_wconf 78' lang='lat' dir='ltr'>quae</span> <span class='ocrx_word' id='word_1_62' title='bbox 696 1097 730 1158; x_wconf 90' lang='lat'>&amp;</span> <span class='ocrx_word' id='word_1_63' title='bbox 779 1094 780 1099; x_wconf 60' lang='grc'>’</span> 
     </span>
     <span class='ocr_line' id='line_1_11' title="bbox 49 1177 730 1259; baseline -0.006 -21"><span class='ocrx_word' id='word_1_64' title='bbox 49 1180 127 1259; x_wconf 87' lang='lat' dir='ltr'>prior</span> <span class='ocrx_word' id='word_1_65' title='bbox 145 1179 242 1240; x_wconf 84' lang='lat' dir='ltr'>floret.</span> <span class='ocrx_word' id='word_1_66' title='bbox 262 1177 405 1238; x_wconf 88' lang='lat' dir='ltr'>Radicem</span> <span class='ocrx_word' id='word_1_67' title='bbox 423 1180 546 1238; x_wconf 83' lang='lat' dir='ltr'>crassior</span> <span class='ocrx_word' id='word_1_68' title='bbox 565 1197 629 1258; x_wconf 86' lang='lat' dir='ltr'>pars</span> <span class='ocrx_word' id='word_1_69' title='bbox 650 1177 730 1258; x_wconf 84' lang='lat' dir='ltr'>grani</span> 
     </span>
     <span class='ocr_line' id='line_1_12' title="bbox 50 1255 730 1332; baseline -0.003 -14"><span class='ocrx_word' id='word_1_70' title='bbox 50 1257 161 1332; x_wconf 83' lang='lat' dir='ltr'>fundit,</span> <span class='ocrx_word' id='word_1_71' title='bbox 183 1260 298 1318; x_wconf 83' lang='lat' dir='ltr'>tenuior</span> <span class='ocrx_word' id='word_1_72' title='bbox 316 1258 430 1318; x_wconf 88' lang='lat' dir='ltr'>florem.</span> <span class='ocrx_word' id='word_1_73' title='bbox 448 1255 562 1319; x_wconf 83' lang='lat' dir='ltr'>Ceteris</span> <span class='ocrx_word' id='word_1_74' title='bbox 576 1255 730 1318; x_wconf 83' lang='lat' dir='ltr'>seminibus</span> 
     </span>
     <span class='ocr_line' id='line_1_13' title="bbox 50 1337 668 1420; baseline -0.002 -21"><span class='ocrx_word' id='word_1_75' title='bbox 50 1339 152 1400; x_wconf 83' lang='lat' dir='ltr'>eadent</span> <span class='ocrx_word' id='word_1_76' title='bbox 171 1359 258 1420; x_wconf 89' lang='lat' dir='ltr'>pars,</span> <span class='ocrx_word' id='word_1_77' title='bbox 279 1339 312 1400; x_wconf 79' lang='grc' dir='ltr'>δι</span> <span class='ocrx_word' id='word_1_78' title='bbox 329 1338 476 1409; x_wconf 86' lang='lat' dir='ltr'>radicem,</span> <span class='ocrx_word' id='word_1_79' title='bbox 502 1339 534 1399; x_wconf 74' lang='grc' dir='ltr'>δι</span> <span class='ocrx_word' id='word_1_80' title='bbox 554 1337 668 1398; x_wconf 81' lang='lat' dir='ltr'>florem.</span> 
     </span>
     <span class='ocr_line' id='line_1_14' title="bbox 88 1415 730 1480; baseline -0.006 0"><span class='ocrx_word' id='word_1_81' title='bbox 88 1419 246 1480; x_wconf 87' lang='lat' dir='ltr'>Frumenta</span> <span class='ocrx_word' id='word_1_82' title='bbox 267 1418 362 1478; x_wconf 87' lang='lat' dir='ltr'>hieme</span> <span class='ocrx_word' id='word_1_83' title='bbox 380 1419 410 1478; x_wconf 92' lang='lat' dir='ltr'>in</span> <span class='ocrx_word' id='word_1_84' title='bbox 428 1418 518 1478; x_wconf 75' lang='lat' dir='ltr'>herbrl</span> <span class='ocrx_word' id='word_1_85' title='bbox 535 1415 730 1478; x_wconf 85' lang='lat' dir='ltr'>sunt:·vemo</span> 
     </span>
     <span class='ocr_line' id='line_1_15' title="bbox 52 1495 731 1583; baseline -0.003 -24"><span class='ocrx_word' id='word_1_86' title='bbox 52 1515 184 1583; x_wconf 84' lang='lat' dir='ltr'>tempore</span> <span class='ocrx_word' id='word_1_87' title='bbox 202 1497 365 1582; x_wconf 82' lang='lat' dir='ltr'>fastigantur</span> <span class='ocrx_word' id='word_1_88' title='bbox 378 1501 408 1558; x_wconf 94' lang='lat' dir='ltr'>in</span> <span class='ocrx_word' id='word_1_89' title='bbox 426 1497 577 1579; x_wconf 90' lang='lat' dir='ltr'>stipulam,</span> <span class='ocrx_word' id='word_1_90' title='bbox 593 1519 656 1580; x_wconf 82' lang='lat' dir='ltr'>quae</span> <span class='ocrx_word' id='word_1_91' title='bbox 668 1495 731 1558; x_wconf 85' lang='lat' dir='ltr'>sunt</span> 
     </span>
     <span class='ocr_line' id='line_1_16' title="bbox 52 1577 731 1662; baseline -0.003 -24"><span class='ocrx_word' id='word_1_92' title='bbox 52 1577 161 1642; x_wconf 80' lang='lat' dir='ltr'>hiberni</span> <span class='ocrx_word' id='word_1_93' title='bbox 181 1583 312 1662; x_wconf 84' lang='lat' dir='ltr'>generis:</span> <span class='ocrx_word' id='word_1_94' title='bbox 325 1595 353 1638; x_wconf 88' lang='lat' dir='ltr'>at</span> <span class='ocrx_word' id='word_1_95' title='bbox 371 1578 482 1638; x_wconf 91' lang='lat' dir='ltr'>milium</span> <span class='ocrx_word' id='word_1_96' title='bbox 503 1581 536 1642; x_wconf 88' lang='lat'>&amp;</span> <span class='ocrx_word' id='word_1_97' title='bbox 552 1582 684 1662; x_wconf 80' lang='lat' dir='ltr'>panicum</span> <span class='ocrx_word' id='word_1_98' title='bbox 698 1579 731 1636; x_wconf 89' lang='lat' dir='ltr'>in</span> 
     </span>
     <span class='ocr_line' id='line_1_17' title="bbox 54 1656 731 1744; baseline -0.004 -25"><span class='ocrx_word' id='word_1_99' title='bbox 54 1662 180 1722; x_wconf 87' lang='lat' dir='ltr'>culmum</span> <span class='ocrx_word' id='word_1_100' title='bbox 202 1659 414 1744; x_wconf 85' lang='lat' dir='ltr'>geniculatum,</span> <span class='ocrx_word' id='word_1_101' title='bbox 433 1659 466 1722; x_wconf 72' lang='grc' dir='ltr'>ὃ(</span> <span class='ocrx_word' id='word_1_102' title='bbox 487 1679 667 1731; x_wconf 86' lang='lat' dir='ltr'>concavum,</span> <span class='ocrx_word' id='word_1_103' title='bbox 686 1656 731 1717; x_wconf 90' lang='lat' dir='ltr'>se·</span> 
     </span>
     <span class='ocr_line' id='line_1_18' title="bbox 54 1738 731 1804; baseline -0.001 -6"><span class='ocrx_word' id='word_1_104' title='bbox 54 1739 218 1804; x_wconf 76' lang='lat' dir='ltr'>sanavero</span> <span class='ocrx_word' id='word_1_105' title='bbox 236 1743 266 1802; x_wconf 91' lang='lat' dir='ltr'>in</span> <span class='ocrx_word' id='word_1_106' title='bbox 285 1739 469 1801; x_wconf 89' lang='lat' dir='ltr'>ferulaceum.</span> <span class='ocrx_word' id='word_1_107' title='bbox 493 1739 637 1802; x_wconf 86' lang='lat' dir='ltr'>Omnium</span> <span class='ocrx_word' id='word_1_108' title='bbox 655 1738 731 1798; x_wconf 87' lang='lat' dir='ltr'>saro·</span> 
     </span>
     <span class='ocr_line' id='line_1_19' title="bbox 55 1818 731 1903; baseline 0 -25"><span class='ocrx_word' id='word_1_109' title='bbox 55 1841 114 1883; x_wconf 90' lang='lat' dir='ltr'>rum</span> <span class='ocrx_word' id='word_1_110' title='bbox 135 1821 261 1897; x_wconf 69' lang='lat' dir='ltr'>studius,</span> <span class='ocrx_word' id='word_1_111' title='bbox 277 1837 325 1882; x_wconf 89' lang='lat' dir='ltr'>aut</span> <span class='ocrx_word' id='word_1_112' title='bbox 348 1818 430 1903; x_wconf 85' lang='lat' dir='ltr'>spicis</span> <span class='ocrx_word' id='word_1_113' title='bbox 441 1823 625 1893; x_wconf 85' lang='lat' dir='ltr'>continetur,</span> <span class='ocrx_word' id='word_1_114' title='bbox 637 1837 669 1879; x_wconf 90' lang='lat' dir='ltr'>ur</span> <span class='ocrx_word' id='word_1_115' title='bbox 682 1819 731 1878; x_wconf 91' lang='lat' dir='ltr'>tri·</span> 
     </span>
     <span class='ocr_line' id='line_1_20' title="bbox 56 1898 729 1983; baseline -0.007 -22"><span class='ocrx_word' id='word_1_116' title='bbox 56 1903 118 1979; x_wconf 86' lang='lat' dir='ltr'>tici,</span> <span class='ocrx_word' id='word_1_117' title='bbox 131 1903 253 1964; x_wconf 87' lang='lat' dir='ltr'>hordei:</span> <span class='ocrx_word' id='word_1_118' title='bbox 280 1904 463 1983; x_wconf 88' lang='lat' dir='ltr'>muniturque</span> <span class='ocrx_word' id='word_1_119' title='bbox 485 1900 563 1962; x_wconf 87' lang='lat' dir='ltr'>vallo</span> <span class='ocrx_word' id='word_1_120' title='bbox 582 1898 729 1960; x_wconf 84' lang='lat' dir='ltr'>aristarum</span> 
     </span>
     <span class='ocr_line' id='line_1_21' title="bbox 57 1979 732 2067; baseline -0.006 -23"><span class='ocrx_word' id='word_1_121' title='bbox 57 1985 230 2067; x_wconf 81' lang='lat' dir='ltr'>quadruplici</span> <span class='ocrx_word' id='word_1_122' title='bbox 247 2005 255 2048; x_wconf 72' lang='grc' dir='ltr'><strong>ε</strong></span> <span class='ocrx_word' id='word_1_123' title='bbox 272 1999 320 2043; x_wconf 89' lang='lat' dir='ltr'>aut</span> <span class='ocrx_word' id='word_1_124' title='bbox 335 1983 487 2042; x_wconf 83' lang='lat' dir='ltr'>includitur</span> <span class='ocrx_word' id='word_1_125' title='bbox 506 1982 632 2060; x_wconf 88' lang='lat' dir='ltr'>siliquis,</span> <span class='ocrx_word' id='word_1_126' title='bbox 648 1995 680 2040; x_wconf 94' lang='lat' dir='ltr'>ut</span> <span class='ocrx_word' id='word_1_127' title='bbox 691 1979 732 2040; x_wconf 87' lang='lat' dir='ltr'>le·</span> 
     </span>
     <span class='ocr_line' id='line_1_22' title="bbox 57 2059 733 2143; baseline -0.004 -21"><span class='ocrx_word' id='word_1_128' title='bbox 57 2067 201 2143; x_wconf 86' lang='lat' dir='ltr'>guminum</span> <span class='ocrx_word' id='word_1_129' title='bbox 213 2087 221 2125; x_wconf 80' lang='lat' dir='ltr'>t</span> <span class='ocrx_word' id='word_1_130' title='bbox 235 2081 283 2123; x_wconf 90' lang='lat' dir='ltr'>aut</span> <span class='ocrx_word' id='word_1_131' title='bbox 292 2061 428 2134; x_wconf 86' lang='lat' dir='ltr'>vasculis,</span> <span class='ocrx_word' id='word_1_132' title='bbox 443 2077 473 2120; x_wconf 94' lang='lat' dir='ltr'>ut</span> <span class='ocrx_word' id='word_1_133' title='bbox 491 2059 621 2131; x_wconf 78' lang='lat' dir='ltr'>sesama,</span> <span class='ocrx_word' id='word_1_134' title='bbox 637 2081 669 2120; x_wconf 90' lang='lat' dir='ltr'>ac</span> <span class='ocrx_word' id='word_1_135' title='bbox 681 2079 733 2140; x_wconf 68' lang='lat' dir='ltr'>par</span> 
     </span>
     <span class='ocr_line' id='line_1_23' title="bbox 56 2143 731 2224; baseline -0.001 -21"><span class='ocrx_word' id='word_1_136' title='bbox 56 2148 174 2222; x_wconf 86' lang='lat' dir='ltr'>paveris.</span> <span class='ocrx_word' id='word_1_137' title='bbox 193 2145 329 2214; x_wconf 89' lang='lat' dir='ltr'>Milium,</span> <span class='ocrx_word' id='word_1_138' title='bbox 348 2144 380 2205; x_wconf 77' lang='grc' dir='ltr'>δι</span> <span class='ocrx_word' id='word_1_139' title='bbox 400 2144 532 2224; x_wconf 88' lang='lat' dir='ltr'>panicum</span> <span class='ocrx_word' id='word_1_140' title='bbox 547 2143 656 2203; x_wconf 82' lang='lat' dir='ltr'>tantun</span> <span class='ocrx_word' id='word_1_141' title='bbox 673 2161 731 2222; x_wconf 91' lang='lat' dir='ltr'>pro</span> 
     </span>
     <span class='ocr_line' id='line_1_24' title="bbox 57 2219 731 2306; baseline 0.003 -26"><span class='ocrx_word' id='word_1_142' title='bbox 57 2223 192 2298; x_wconf 87' lang='lat' dir='ltr'>indiviso,</span> <span class='ocrx_word' id='word_1_143' title='bbox 211 2227 244 2286; x_wconf 69' lang='grc' dir='ltr'>ὃ(</span> <span class='ocrx_word' id='word_1_144' title='bbox 262 2225 358 2306; x_wconf 88' lang='lat' dir='ltr'>parvis</span> <span class='ocrx_word' id='word_1_145' title='bbox 375 2222 474 2284; x_wconf 88' lang='lat' dir='ltr'>avibus</span> <span class='ocrx_word' id='word_1_146' title='bbox 494 2225 657 2306; x_wconf 83' lang='lat' dir='ltr'>expositum</span> <span class='ocrx_word' id='word_1_147' title='bbox 676 2219 731 2290; x_wconf 81' lang='lat' dir='ltr'>est.</span> 
     </span>
     <span class='ocr_line' id='line_1_25' title="bbox 56 2301 731 2387; baseline 0.003 -25"><span class='ocrx_word' id='word_1_148' title='bbox 56 2301 203 2368; x_wconf 86' lang='lat' dir='ltr'>Indefensa</span> <span class='ocrx_word' id='word_1_149' title='bbox 218 2307 324 2387; x_wconf 89' lang='lat' dir='ltr'>quippe</span> <span class='ocrx_word' id='word_1_150' title='bbox 343 2303 515 2366; x_wconf 82' lang='lat' dir='ltr'>membranis</span> <span class='ocrx_word' id='word_1_151' title='bbox 535 2307 731 2366; x_wconf 86' lang='lat' dir='ltr'>continentur.</span> 
     </span>
     <span class='ocr_line' id='line_1_26' title="bbox 57 2381 730 2468; baseline 0 -26"><span class='ocrx_word' id='word_1_152' title='bbox 57 2381 185 2448; x_wconf 87' lang='lat' dir='ltr'>Panicum</span> <span class='ocrx_word' id='word_1_153' title='bbox 196 2407 212 2445; x_wconf 91' lang='lat' dir='ltr'>a</span> <span class='ocrx_word' id='word_1_154' title='bbox 222 2383 359 2468; x_wconf 81' lang='lat' dir='ltr'>paniculis</span> <span class='ocrx_word' id='word_1_155' title='bbox 372 2384 496 2460; x_wconf 70' lang='lat' dir='ltr'>dicium,</span> <span class='ocrx_word' id='word_1_156' title='bbox 513 2388 659 2458; x_wconf 86' lang='lat' dir='ltr'>cacumine</span> <span class='ocrx_word' id='word_1_157' title='bbox 669 2384 730 2444; x_wconf 89' lang='lat' dir='ltr'>lan·</span> 
     </span>
     <span class='ocr_line' id='line_1_27' title="bbox 57 2465 730 2546; baseline -0.003 -22"><span class='ocrx_word' id='word_1_158' title='bbox 57 2467 138 2546; x_wconf 74' lang='lat' dir='ltr'>guide</span> <span class='ocrx_word' id='word_1_159' title='bbox 156 2483 289 2540; x_wconf 80' lang='lat' dir='ltr'>nutante,</span> <span class='ocrx_word' id='word_1_160' title='bbox 306 2466 442 2546; x_wconf 86' lang='lat' dir='ltr'>paulatim</span> <span class='ocrx_word' id='word_1_161' title='bbox 461 2481 612 2526; x_wconf 85' lang='lat' dir='ltr'>extenuato</span> <span class='ocrx_word' id='word_1_162' title='bbox 631 2465 730 2524; x_wconf 86' lang='lat' dir='ltr'>culmo</span> 
     </span>
     <span class='ocr_line' id='line_1_28' title="bbox 57 2546 733 2627; baseline -0.007 -21"><span class='ocrx_word' id='word_1_163' title='bbox 57 2565 135 2624; x_wconf 81' lang='lat' dir='ltr'>paene</span> <span class='ocrx_word' id='word_1_164' title='bbox 159 2551 188 2608; x_wconf 91' lang='lat' dir='ltr'>in</span> <span class='ocrx_word' id='word_1_165' title='bbox 212 2546 375 2618; x_wconf 87' lang='lat' dir='ltr'>surculum,</span> <span class='ocrx_word' id='word_1_166' title='bbox 396 2546 551 2627; x_wconf 80' lang='lat' dir='ltr'>praedensis</span> <span class='ocrx_word' id='word_1_167' title='bbox 579 2559 733 2602; x_wconf 87' lang='lat' dir='ltr'>acervatur</span> 
     </span>
     <span class='ocr_line' id='line_1_29' title="bbox 57 2620 730 2762; baseline -0.01 -76"><span class='ocrx_word' id='word_1_168' title='bbox 57 2631 161 2762; x_wconf 67' lang='lat' dir='ltr'>pranis,</span> <span class='ocrx_word' id='word_1_169' title='bbox 180 2649 246 2691; x_wconf 83' lang='lat' dir='ltr'>cunt</span> <span class='ocrx_word' id='word_1_170' title='bbox 266 2625 432 2709; x_wconf 73' lang='lat' dir='ltr'>longissimi</span> <span class='ocrx_word' id='word_1_171' title='bbox 448 2624 543 2707; x_wconf 83' lang='lat' dir='ltr'>pedali</span> <span class='ocrx_word' id='word_1_172' title='bbox 554 2620 660 2705; x_wconf 72' lang='lat' dir='ltr'>phoba.</span> <span class='ocrx_word' id='word_1_173' title='bbox 671 2620 730 2680; x_wconf 89' lang='lat' dir='ltr'>Mi·</span> 
     </span>
     <span class='ocr_line' id='line_1_30' title="bbox 67 2702 731 2790; baseline -0.006 -26"><span class='ocrx_word' id='word_1_174' title='bbox 67 2707 85 2764; x_wconf 92' lang='lat' dir='ltr'>ii</span> <span class='ocrx_word' id='word_1_175' title='bbox 106 2729 194 2769; x_wconf 85' lang='lat' dir='ltr'>comae</span> <span class='ocrx_word' id='word_1_176' title='bbox 211 2729 331 2790; x_wconf 84' lang='lat' dir='ltr'>granum</span> <span class='ocrx_word' id='word_1_177' title='bbox 352 2706 511 2787; x_wconf 79' lang='lat' dir='ltr'>complexae</span> <span class='ocrx_word' id='word_1_178' title='bbox 527 2702 672 2764; x_wconf 80' lang='lat' dir='ltr'>fimbriato</span> <span class='ocrx_word' id='word_1_179' title='bbox 686 2721 731 2761; x_wconf 86' lang='lat' dir='ltr'>ca·</span> 
     </span>
     <span class='ocr_line' id='line_1_31' title="bbox 58 2785 726 2868; baseline -0.003 -24"><span class='ocrx_word' id='word_1_180' title='bbox 58 2787 124 2863; x_wconf 91' lang='lat' dir='ltr'>pillo</span> <span class='ocrx_word' id='word_1_181' title='bbox 149 2806 312 2850; x_wconf 89' lang='lat' dir='ltr'>curvantur.</span> <span class='ocrx_word' id='word_1_182' title='bbox 333 2785 404 2847; x_wconf 87' lang='lat' dir='ltr'>Sunt</span> <span class='ocrx_word' id='word_1_183' title='bbox 421 2789 454 2850; x_wconf 77' lang='lat' dir='ltr'>dc</span> <span class='ocrx_word' id='word_1_184' title='bbox 471 2788 574 2868; x_wconf 85' lang='lat' dir='ltr'>panico</span> <span class='ocrx_word' id='word_1_185' title='bbox 603 2801 726 2865; x_wconf 82' lang='lat' dir='ltr'>genera:</span> 
     </span>
     <span class='ocr_line' id='line_1_32' title="bbox 59 2867 734 2952; baseline 0.006 -22"><span class='ocrx_word' id='word_1_186' title='bbox 59 2867 229 2945; x_wconf 81' lang='lat' dir='ltr'>mammosa,</span> <span class='ocrx_word' id='word_1_187' title='bbox 249 2890 265 2932; x_wconf 86' lang='lat' dir='ltr'>e</span> <span class='ocrx_word' id='word_1_188' title='bbox 286 2887 363 2952; x_wconf 89' lang='lat' dir='ltr'>pano</span> <span class='ocrx_word' id='word_1_189' title='bbox 389 2869 487 2952; x_wconf 72' lang='lat' dir='ltr'>paruis</span> <span class='ocrx_word' id='word_1_190' title='bbox 507 2879 649 2932; x_wconf 83' lang='lat' dir='ltr'>racemata</span> <span class='ocrx_word' id='word_1_191' title='bbox 676 2881 734 2946; x_wconf 62' lang='lat' dir='ltr'>par·</span> 
     </span>
    </p>
   </div>
   <div class='ocr_carea' id='block_1_3' title="bbox 0 0 987 3588">
    <p class='ocr_par' dir='ltr' id='par_1_3' title="bbox 0 0 987 3588">
     <span class='ocr_line' id='line_1_33' title="bbox 0 0 987 3588; baseline 0 0"><span class='ocrx_word' id='word_1_192' title='bbox 0 0 987 3588; x_wconf 95' lang='lat' dir='ltr'> </span> 
     </span>
    </p>
   </div>
  </div>
 </body>
</html>
