1932 3588
188 329 415 405 Hrsron.
427 332 502 406 Lib.
519 325 648 424 XVllL
685 353 769 438 343

75 449 177 514 tendi
194 449 350 532 priscarum
361 452 456 534 legum
471 453 772 520 benevolentibcau·

78 550 153 594 turn
172 533 294 627 quippe·
308 530 372 608 est,
392 553 430 594 ne
453 532 583 609 bovem,
606 535 769 678 priusquam

79 631 197 685 ovem,
215 629 397 689 nommaret,
418 616 468 696 qui
485 615 626 678 indiceret
639 635 688 678 mu
699 636 771 684 tam.

77 691 188 754 Ludos
210 691 303 754 boum
322 694 407 754 causi
424 695 770 771 celebrantem-bubetios

78 771 244 834 vocabant.
267 770 384 836 Servius
404 795 473 850 rex,
493 779 594 840 ovium
619 778 771 864 boumque

78 851 187 936 effigie
209 854 318 934 primus
335 856 525 938 assignavit.
554 857 679 942 Frugem
702 863 770 944 qui·

77 934 159 995 dem
181 951 278 995 aratro
297 936 447 1015 quaesitam
465 936 565 1000 sutrim
576 939 663 1001 noblu
679 937 772 1024 pavis·

78 1013 134 1090 se,
149 1033 183 1074 rc
199 1012 335 1089 secuisse,
343 1015 457 1154 ¹puberi
478 1033 537 1080 xn.
559 1018 663 1082 tabulis
687 1021 769 1114 capi*

79 1095 126 1156 tal
148 1111 228 1158 emt:
243 1091 341 1176 suspen
354 1115 460 1178 umque
479 1095 583 1161 Cereri
601 1103 698 1162 necari
723 1121 770 1184 pu·
793 1169 796 1176 ,

78 1175 220 1251 bebant‚
234 1177 349 1258 gravius
361 1175 450 1259 quim
465 1178 497 1238 'in
517 1179 676 1242 homicidio
694 1203 770 1244 con-

78 1255 218 1318 vidlum:
238 1257 387 1337 impubem
398 1261 531 1339 praetoris
549 1260 684 1322 arbitratu
697 1283 769 1326 ver·

78 1333 200 1409 heran,
219 1339 393 1420 noxiamque
413 1338 552 1419 duplione
572 1340 717 1405 decemis

123 1416 193 1479 Jam
212 1411 355 1480 distinato
373 1415 523 1501 honosque
538 1423 662 1482 civitatis
677 1421 689 1482 ἰ
709 1424 768 1486 sius

79 1518 148 1560 non
168 1499 287 1558 aliunde
303 1515 370 1561 erat.
395 1497 518 1560 Rusticae
530 1502 621 1564 tribus
635 1443 769 1564 laudaris·

80 1581 168 1640 simae
193 1598 310 1652 eorum,
329 1581 378 1662 qui
397 1601 461 1641 rura
479 1581 628 1644 haberent.
639 1583 771 1647 Urbana

80 1659 185 1731 verb,
205 1661 235 1719 in
249 1681 321 1743 quas
335 1658 481 1722 transferri
499 1664 664 1745 ignominia
676 1664 769 1739 esset,'

80 1739 207 1801 desidia
225 1741 342 1821 probro.
354 1739 454 1824 ltaque
465 1762 587 1824 quatuor
596 1742 669 1806 solae
687 1761 769 1807 etant

80 1841 100 1880 a
119 1820 250 1904 partibus
270 1821 411 1895 Urbis,in
444 1826 504 1884 ueis
521 1825 703 1898 habitabant,
715 1824 768 1888 Su·

81 1845 769 1988 burtana,P³latina,Ctlllina,Esquilina.Nun·

82 1981 163 2042 dinis
182 1979 294 2043 Urbem
314 1984 513 2055 revisitabant,
533 1985 653 2047 &ideo
675 1987 770 2046 comi·

81 2065 125 2124 tia
138 2063 272 2124 nundinis
291 2064 395 2124 babere
415 2085 474 2123 non
492 2063 611 2136 licebat,
629 2086 666 2126 ne
684 2066 768 2148 plebs

82 2141 190 2204 rustica
211 2162 390 2206 avocaretur.
419 2142 514 2224 Quies
538 2144 711 2228 somnusque
734 2148 765 2209 in

85 2221 247 2284 stramentis
265 2241 334 2286 erat.
352 2221 483 2286 Gloriam
505 2227 572 2288 deni
595 2248 631 2288 ue
649 2227 767 2310 ipsama

84 2301 169 2364 farris
191 2305 302 2366 bonore
320 2305 457 2366 adoream
476 2329 512 2390 ap
534 2309 587 2370 ella
608 2326 665 2369 ant.
679 2309 768 2406 Equi·

84 2383 158 2445 dem
179 2382 238 2465 ipsa
256 2387 342 2445 etiam
360 2387 455 2447 verba
461 2330 558 2470 prisdae
578 2388 768 2470 significatio·

84 2466 134 2525 nis
153 2465 290 2528 admiror.
312 2466 356 2528 lta
378 2471 456 2526 enim
476 2467 517 2526 est
537 2470 567 2526 in
586 2485 767 2528 commenta·
846 2536 848 2542 7

82 2546 135 2604 riis
155 2541 324 2627 pontificum
336 2569 343 2607 τ
356 2567 375 2600 u
402 2547 535 2628 Augurio
552 2551 665 2607 canario
679 2565 769 2628 agen·

83 2648 104 2682 t»
117 2624 158 2686 do
170 2626 231 2686 dies
241 2625 461 2696 constituantur,
472 2623 632 2708 priusquam
641 2625 767 2686 frumen·

83 2721 144 2765 orta
160 2707 272 2789 vaginis
291 2723 413 2779 exeam,
434 2707 642 2788 &antequam
662 2707 694 2766 in
713 2727 767 2768 va·

84 2806 104 2844 n
137 2787 421 2866 inasperveniantu.
556 2791 577 2861 Ἀ,

116 2806 181 2930 lv.
202 2871 281 2950 Ergo
301 2868 345 2930 his
367 2865 496 2932 moribus
516 2865 690 3010 nonpmodb
711 2863 764 2938 sus,
884 2915 886 2921 .

608 2969 641 3009 ru
