1942 3586
183 299 425 378 Histoi.
449 299 523 368 Lib.
550 298 631 370 XV.
685 321 752 392 149

78 413 130 495 jam
142 416 302 494 invenitur.
320 415 425 498 Neque
441 421 539 476 omnia
559 419 641 477 insita
657 416 757 478 misce·

79 501 100 554 ri
116 487 155 556 sas
175 494 235 567 est,
256 499 329 556 sicut
345 517 400 558 nec
418 495 509 578 spinas
522 495 607 557 inseri
618 542 628 568 ‚
639 499 755 580 quando

80 575 183 658 fulgura
198 579 307 657 expiari
326 597 386 638 non
413 585 523 659 queunt
550 577 651 638 sacili:
671 595 757 661 quor·

81 677 130 737 que
146 677 252 739 genera
269 660 354 718 insita
375 655 491 720 fuerunt
496 701 508 730 ,
518 675 564 721 tot
576 659 688 742 fulgura
696 671 757 720 uno

83 735 132 796 iiiu
148 740 380 818 pronuntiantur.
748 753 753 766 '

114 816 297 880 Turbinatior
319 821 388 900 piris
416 817 516 902 figura.
539 820 628 882 iniis
658 818 759 897 seroti-¹

82 917 113 956 na
127 899 161 958 ad
178 899 307 959 hiemem
325 897 415 980 usque
435 902 473 960 ad
489 921 612 963 matrem
625 900 755 982 pendent

82 977 139 1116 hein
154 977 392 1054 maturescentia,
412 978 534 1056 Graeca,
558 981 756 1063 ampullacea3

106 1079 182 1120 urea:
201 1063 275 1122 sicut
292 1063 322 1120 in
340 1062 422 1121 malis
440 1061 599 1135 Amerina,
616 1060 754 1122 Scandia-

81 1157 118 1198 na.
135 1137 309 1202 Conduntur
329 1144 403 1221 verb
421 1145 502 1222 pira,
519 1159 551 1204 ut
570 1163 652 1216 uvae,
664 1163 696 1204 ac
708 1157 754 1205 to'·

80 1217 158 1279 tidem
173 1220 288 1282 modis:
307 1241 402 1304 neque
422 1223 500 1284 aliud
522 1226 554 1282 in
573 1223 665 1296 cadis,
678 1237 754 1304 prae·-

79 1300 197 1381 rerquarrr
210 1301 309 1382 pruna.
320 1301 418 1383 qunis
430 1307 612 1385 proprietas,
625 1303 753 1386 pirisque

79 1380 149 1443 vini:
166 1384 397 1464 similiterquein
416 1387 498 1468 aegris
520 1383 673 1444 medentes
702 1406 753 1445 ca·

79 1461 154 1522 vent:
173 1483 205 1522 ac
224 1465 295 1523 vino
314 1465 346 1525 &
365 1465 438 1546 aqui
457 1481 641 1548 coquuntur,
663 1480 753 1546 atque

79 1540 250 1620 pulmentarii
262 1544 359 1604 vicem
378 1545 522 1625 implent:
538 1544 752 1627 quodnonalia
845 1565 846 1568 ’

77 1639 171 1700 prater
189 1640 328 1695 cotonea,
345 1626 376 1686 &
393 1623 521 1686 struthia.
735 1635 736 1642 ’

100 1701 223 1764 XVIII.
249 1699 295 1763 16ss
313 1702 347 1764 In
365 1703 530 1766 universum
548 1706 622 1765 verb
641 1705 677 1764 de
694 1724 752 1786 po·

77 1782 124 1841 mia
142 1781 287 1846 servandis
310 1787 494 1866 praecipitur:
516 1785 646 1864 pomaria
661 1787 692 1844 in
704 1786 751 1846 Io·

77 1861 156 1922 to'sri
177 1865 229 1926 ido¹
251 1887 284 1925 ac
307 1867 385 1926 sicco
407 1864 583 1926 contabulari
598 1885 605 1924 ι
623 1863 750 1946 septem·

76 1885 231 2005 rnonaibus
240 1943 368 2006 fenestris
380 1945 483 2006 sereno
495 1946 541 2006 die
555 1961 653 2027 patere
665 1965 673 2005 r
687 1944 749 2007 Au·

78 2018 140 2084 siros
155 2025 349 2166 sprecniaribus
364 2045 481 2097 arcere,
501 2024 657 2108 Aquilonis
676 2047 749 2108 quo·

76 2121 126 2182 que
142 2127 158 2166 a
177 2107 247 2166 flatu
276 2127 343 2167 oma
362 2106 535 2188 deturpante
550 2109 633 2189 rugis.
651 2104 747 2169 Colli·

78 2185 101 2262 gi
115 2188 187 2247 mala
200 2129 274 2269 posi
285 2186 487 2269 aequInosiium
503 2187 685 2262 autumnale,
700 2203 751 2251 ne·

78 2283 196 2342 queante
208 2285 278 2328 xvr.
295 2268 424 2340 Lunam,
435 2289 529 2352 neque
540 2287 606 2330 ante
619 2273 746 2350 pritnanr

78 2341 177 2410 horam.
197 2346 310 2408 Cadiva
331 2347 359 2409 se
381 2351 453 2410 arari
466 2350 479 2409 ε’
493 2348 675 2422 stramentis,
688 2351 748 2410 siti-2

78 2426 125 2484 reis
136 2470 144 2498 ,
159 2427 284 2510 paleisve
297 2426 346 2489 sub
373 2433 443 2492 erni.
455 2429 532 2490 Rara
548 2431 704 2510 componi,
715 2446 747 2490 ut

78 2502 168 2570 lImites
181 2509 274 2590 pervii
290 2507 417 2590 spirirum
437 2509 578 2590 aequalem
593 2510 747 2588 accipiant.

77 2581 204 2656 Amerina
222 2591 345 2651 maximi
372 2589 498 2664 durare,
521 2588 667 2650 meiirnela
692 2589 749 2648 rni-

79 2666 156 2729 nime.
327 2693 332 2698 ·
512 2693 514 2698 ·
734 2683 736 2688 '

113 2767 154 2825 ¹7·
175 2747 319 2811 Cotoneis
339 2751 369 2810 in
386 2747 522 2812 concluso
544 2745 745 2831 spiramentum

77 2843 153 2890 omne
175 2830 379 2904 adimendum,
398 2847 447 2894 aut
465 2833 582 2912 incoqui
591 2828 680 2892 melle
688 2850 742 2906 ea,

548 2908 620 2991 Giij
