2012 3588
223 295 270 368 66
321 245 800 367 denuntiator.

224 435 290 477 rum
305 411 369 490 est,
387 429 604 494 extremumque
617 410 678 493 ejus
688 411 782 495 scirpo
795 411 909 487 similej

225 518 260 558 ac
277 517 314 558 ne
333 494 448 556 funibus
475 493 617 575 quidem,
633 495 688 556 nisi
704 495 734 554 in
759 493 883 556 humone
895 539 910 566 ‚

227 578 312 640 utile.

265 656 418 720 Texuntur
441 676 561 732 omnes,
575 655 710 722 madente
739 653 837 716 tabull
854 653 909 716 Ni·

222 739 245 802 li
262 741 336 823 aqui
348 761 355 799 τ
368 737 499 800 turbidus
508 739 604 820 liquor
634 738 728 798 lutinis
759 737 848 798 tabet
857 738 907 796 vi·

224 839 301 885 cem.
321 819 418 882 Primb
433 815 533 901 supina
548 757 644 880 rabuli
660 815 725 878 sche
748 816 911 878 aadlinitur

224 900 406 984 longitudine
424 901 550 984 papyri,
569 920 634 982 qua
653 899 747 982 potuit
764 894 842 970 elle,
863 917 913 958 re-

226 980 400 1065 segminibus
418 983 563 1062 utrimque
583 980 753 1063 amputatis:
765 975 914 1040 transver-

226 1061 256 1124 sa
271 1061 372 1145 postea
389 1080 481 1123 crates
502 1081 570 1144 pera
590 1064 621 1121 it.
642 1059 785 1122 Ptemitur
801 1059 913 1120 deinde

224 1144 340 1239 praelis,
352 1145 386 1206 &
402 1144 543 1205 siccantur
569 1081 638 1203 lole
657 1140 801 1223 plagula,
822 1157 913 1220 atque
988 1151 989 1226 J

226 1242 302 1285 anter
328 1222 552 1306 sejunguntur,
573 1223 769 1305 proximarum
793 1217 914 1302 semper·
988 1237 989 1274 3

226 1305 364 1368 bonitatis
375 1305 565 1366 diminutione
578 1304 615 1364 ad
621 1303 803 1404 deterrimas.
813 1299 915 1362 Num·

228 1385 558 1551 aununtiet
575 1406 834 1526 t
853 1459 915 1523 n.

228 1545 367 1610 ferentia:
386 1567 456 1610 xm.
472 1549 628 1630 digitorum
637 1548 774 1627 optimis:
791 1545 850 1606 duo
860 1545 917 1605 de·

226 1632 376 1691 trahuntur
395 1629 539 1692 hieraticae
554 1651 562 1690 t
580 1627 724 1688 Fanniana
745 1627 837 1686 denos
855 1623 913 1686 ha·
988 1637 989 1684 ἰ

228 1710 297 1772 bet:
313 1713 345 1774 δι
362 1731 422 1770 uno
441 1712 534 1771 minias
563 1709 799 1790 amphitheatrica
814 1728 827 1767 :·
842 1727 917 1788 pau-

231 1794 328 1854 ciores
347 1789 472 1852 Saitica:
493 1811 546 1852 nec
573 1790 679 1851 malleo
698 1786 823 1850 sufficit:
845 1809 917 1849 nam

230 1893 278 1934 em
301 1874 415 1933 oreticae
432 1872 560 1933 brevitas
582 1869 631 1930 sex
653 1871 758 1954 digitos
777 1891 837 1930 non
862 1889 918 1930 ex·

231 1975 268 2015 ce
289 1956 321 2016 it.
348 1951 489 2014 Preterea
508 1949 667 2035 speciantur
684 1955 714 2012 in
736 1952 856 2023 chartis,
871 1967 919 2013 teu
988 1965 989 1968 ’

230 2037 342 2107 auitas,
362 2033 507 2106 densitas,
527 2033 655 2108 candor,
677 2034 779 2096 laevor.
806 2031 918 2094 Prima·

230 2132 295 2178 tum
312 2115 434 2176 mutavit
447 2111 588 2178 Claudius
605 2112 700 2176 Caesar
708 2117 814 2174 :nimia
828 2115 918 2254 (μῖξ-

231 2217 270 2280 pe
288 2193 426 2278 Augustae
440 2197 564 2256 tenuitas
580 2195 736 2256 tolerandis
754 2216 813 2256 non
836 2194 866 2254 su
904 2229 919 2248 .

232 2277 327 2340 ciebat
348 2277 474 2338 calamis.
500 2274 550 2340 nd
565 2277 623 2338 hoc
644 2275 837 2337 transmittens
852 2275 918 2338 lite-

231 2379 277 2418 ras
297 2359 387 2418 liturae
404 2374 514 2419 metum
531 2356 678 2418 adferebat
693 2378 729 2418 eu
741 2359 866 2418 aversis:
881 2357 919 2419 δι

231 2438 303 2500 aliis
321 2438 460 2500 indecoro
474 2437 536 2500 visu
552 2436 780 2519 pertranllucida.
794 2437 886 2520 lgitur
897 2459 918 2500 e

231 2517 359 2582 secundo
379 2521 459 2597 corio
477 2517 628 2580 statumina
648 2517 721 2580 faeta
738 2519 816 2580 sunt:
830 2539 846 2578 e
859 2521 919 2602 pti·

231 2621 307 2673 mo,
323 2600 491 2662 subtemina.
517 2599 609 2660 Auxit
619 2602 652 2662 dt
662 2600 851 2661 latitudinem.
866 2601 918 2662 Pe·

232 2683 305 2742 dalis
322 2699 382 2742 erat
399 2679 546 2756 mensura,
559 2683 591 2743 &
607 2682 738 2742 cubitalis
752 2682 917 2742 macrocol-

231 2763 287 2821 lis:
306 2760 356 2826 sed
373 2763 445 2820 tatio
469 2761 663 2844 deprehendit
682 2763 805 2835 vitium,
828 2764 916 2824 unius

230 2840 342 2906 schedae
369 2840 537 2906 revulsione
560 2843 659 2925 plures
685 2839 834 2906 infestante
861 2863 917 2927 pa·
