1934 3592
181 307 410 383 Hrsrorr.
433 311 617 388 Lin‘xvt.
668 339 738 415 237

72 421 171 504 cytiso,
187 447 250 508 quae
260 430 394 510 proximi
405 431 545 495 accedere
557 436 682 498 ebenum
694 441 739 500 vi·

72 505 151 567 detur.
171 505 360 590 Quamquam
381 534 441 574 non
462 514 580 591 desunt,
600 521 650 600 qui
680 518 739 600 Sy·

70 587 143 647 riacas
162 591 342 652 terebinthos
357 597 498 676 nigriores
507 595 668 660 adfirment.
678 597 741 661 Ce·

70 665 180 728 lebratur
197 671 230 730 &
247 669 401 735 Therirles
419 681 555 752 nomine,
571 679 674 742 calices
703 689 743 741 eid

68 749 217 812 terebintho
239 749 342 814 solitus
358 754 453 820 facere
472 771 575 835 torno,
591 781 740 843 perquem

70 830 193 905 probatur
216 837 367 897 materies.
389 835 533 898 Omnium
542 841 603 902 haec
618 841 676 903 sola
688 864 742 902 un·

70 910 181 988 givulr,
198 914 364 998 meliorque
382 917 452 978 oleo
470 917 511 979 fit.
548 917 640 982 Colos
667 925 743 985 mire

70 990 231 1052 adulteratur
247 993 387 1078 juglande
407 1020 441 1058 ac
457 1002 521 1079 piro
539 1002 661 1063 silvestri
682 1008 744 1065 tin-

69 1067 126 1145 dis,
139 1089 225 1154 arque
246 1079 278 1136 in
302 1079 493 1140 medicamine
506 1080 641 1145 decenis.
660 1084 745 1146 orna

68 1149 159 1225 nibus,
171 1174 236 1234 quae
247 1158 394 1232 diximus,
406 1158 487 1242 spilla
497 1158 684 1227 firmitasJAb
695 1169 741 1228 his

69 1235 185 1308 proxima
202 1233 245 1296 est
261 1259 389 1303 cornus:
412 1263 585 1324 quamquam
608 1267 667 1306 non
686 1269 744 1328 po*

70 1310 115 1372 test
136 1315 231 1376 videri
257 1324 394 1382 materies
419 1340 541 1404 propter
566 1324 740 1403 exilitatem,

69 1389 111 1452 sed
128 1392 235 1478 lignum
259 1421 323 1463 non
346 1401 403 1484 alio
418 1425 517 1484 paene,
534 1407 620 1488 qultn
637 1409 674 1468 ad
692 1431 743 1469 ra·

71 1471 124 1533 dios
140 1494 285 1556 rotarum,
305 1483 396 1544 utile:
415 1488 505 1544 aursi
527 1489 596 1568 quid
620 1509 743 1549 cunean-

71 1551 130 1614 dum
143 1559 177 1618 sit
198 1561 229 1620 in
249 1563 353 1646 ligno,
373 1563 497 1627 clavisve
510 1563 674 1649 figendum,
688 1591 745 1631 ceu

71 1629 166 1700 ferreis.
177 1638 251 1702 ¹llerr
272 1649 365 1720 item,
387 1646 421 1706 δι
439 1646 583 1722 oleaster,
603 1652 635 1712 δι
653 1650 742 1723 olea,

72 1731 145 1798 atque
165 1721 317 1798 castanea,
337 1727 490 1806 carpinus,
511 1728 645 1809 populus.
667 1730 745 1791 Haeo

71 1793 200 1882 &crispa
223 1809 318 1867 aceris
344 1808 454 1880 modo,
481 1809 586 1869 si'ulla
608 1813 745 1871 materies

70 1872 164 1942 idonea
179 1882 248 1948 eilet
269 1889 356 1947 ramis
368 1887 443 1968 saepe
454 1887 622 1968 deputatis:
637 1890 744 1950 castra-

72 1955 105 2014 tio
121 1961 165 2020 illa
192 1965 234 2026 est
245 2013 262 2040 ,
280 1968 436 2050 adimitque
453 1970 542 2028 vires.
571 1968 624 2046 ,De
644 1988 745 2033 cetero
760 2003 761 2009 ¹

72 2035 199 2124 plerisque
218 2068 347 2122 eorum,
363 2047 414 2108 sed
430 2049 530 2130 utique
545 2050 667 2124 robori,
680 2069 744 2113 tan-

75 2129 99 2174 ta
114 2119 210 2186 duritia
227 2127 295 2200 est,
314 2145 346 2188 ut
374 2129 512 2189 terebrari
538 2132 591 2192 nisi
604 2133 746 2196 madefa-

49 2196 51 2201 ’
76 2193 139 2263 dunt
153 2227 214 2268 non
243 2227 348 2291 queat,
367 2210 454 2270 &ne
474 2210 515 2270 sic
536 2213 653 2295 quidem
674 2216 744 2276 ada-

76 2274 126 2340 dus
144 2289 232 2350 avelli
256 2290 362 2351 clavus.
385 2289 410 2350 E
427 2290 539 2352 diverso
552 2294 665 2357 clavum
682 2309 744 2358 non

76 2371 143 2425 tenet
161 2371 277 2432 cedrus.
295 2370 468 2432 Mollissima
487 2375 562 2436 tilia:
580 2376 683 2436 eadem
696 2380 746 2437 vi-

76 2437 149 2504 detur
169 2451 204 2512 &
219 2451 416 2512 calidissima:
436 2471 635 2532 argumentum
662 2455 745 2516 adfe-

77 2535 152 2600 tunt,
175 2531 257 2614 quod
278 2532 415 2592 citissimi
435 2531 520 2590 ascias
538 2533 678 2594 retundat.
690 2533 747 2595 Ca·

76 2597 131 2665 lida
152 2611 184 2672 &
202 2631 322 2685 morus,
344 2614 460 2683 laurus,
480 2611 585 2684 edera,
597 2613 630 2674 δι
642 2627 748 2675 omnes

78 2699 92 2738 e
122 2689 230 2752 uibusi
270 2695 337 2752 iatia
357 2692 440 2754 liunt.
744 2763 747 2768 ,

105 2705 232 2833 dxxVI
250 2819 258 2834 .
279 2773 502 2855 Exploratorum
519 2771 576 2832 hoc
588 2769 652 2834 usus
661 2774 691 2832 in
701 2795 747 2834 ca·

76 2837 148 2923 liris,
166 2852 377 2949 ριίὶρηιιῃςῃιειΔ
398 2855 523 2934 reperit,
545 2855 681 2936 quoniam
707 2855 746 2920 all
