1932 3588
162 227 399 344 tristor.
424 270 642 348 Liaxvnl.
694 217 796 373 349¹

122 389 197 454 Vll.
212 391 246 454 ·6.
268 391 378 454 Modus
394 391 442 454 hic
459 394 612 474 probatur,
625 411 657 456 ut
668 416 766 480 neque

72 471 194 534 fundus
219 472 319 534 villam
340 492 466 556 quaerat,
487 495 582 566 neque
609 475 680 538 villa
699 475 767 538 fuu-

71 553 167 614 dum.
207 551 278 614 Non
306 570 339 614 ut
375 552 508 615 fecerunt
536 554 615 636 juxti
643 556 767 618 diversis

73 633 193 694 eadem
220 649 304 694 aetate
333 635 473 716 exemplis
496 634 530 697 L.
561 635 714 710 Lucullus,
732 638 766 700 δι

74 711 125 792 Q.
166 710 320 785 Scaevola,
338 717 405 776 tim
432 714 503 775 villa
534 713 674 778 Staevolae
703 716 767 777 fua·

72 794 138 854 dus
152 809 283 865 careret,
293 793 361 854 villa
369 794 482 856 Luculli
493 815 572 878 agro.
590 794 664 876 Quo
679 798 708 856 iu
719 815 769 879 ge·

74 893 157 974 nepe
174 870 304 934 censoria
322 873 469 957 castigatio
489 893 549 936 erat
563 878 656 938 minist
669 897 768 951 arare,

72 953 473 1096 {flff‘tsssstsstitffsstit‘
483 957 768 1119 turriti&

74 1113 138 1175 suit
160 1111 198 1174 C.
215 1113 323 1175 Matius
341 1113 445 1196 septies
464 1116 578 1192 consul,
597 1116 647 1180 sed
665 1119 767 1198 peritii

73 1192 323 1268 castrametandi,
340 1196 380 1255 sic
399 1213 432 1258 ut
452 1215 633 1278 comparatos
652 1201 679 1259 ei
690 1215 769 1261 cett·

74 1295 132 1338 ros
158 1275 244 1334 etiam
263 1272 340 1335 Sulla
352 1273 434 1337 Felix
450 1297 543 1338 caecos
554 1275 634 1340 fuiffe
648 1278 767 1341 diceret.

119 1351 277 1417 Convenit
296 1375 349 1416 nec
365 1353 444 1435 juxta
458 1356 577 1439 paludes
602 1359 768 1438 ponendam

77 1432 167 1506 effe,
187 1453 283 1517 neque
313 1435 435 1498 adverso
461 1457 546 1498 amne
566 1461 574 1500 t
595 1459 769 1523 quamquam

76 1514 238 1576 Homerus
261 1517 381 1578 omnino
402 1538 419 1579 e
437 1517 554 1580 flumine
581 1515 695 1616 semper
715 1541 769 1596 arr·

77 1595 232 1656 telucanas
262 1617 342 1658 auras
364 1597 518 1660 insalubres
546 1600 697 1661 verissrme
710 1617 770 1662 tra·

78 1676 172 1738 didit.
213 1674 349 1758 Speiiare
375 1681 405 1740 irt
433 1676 561 1740 astuosis
596 1680 668 1742 locis
703 1679 770 1763 sep-

78 1757 258 1819 temtriones
288 1757 397 1833 debet,
423 1759 575 1820 meridiem
593 1762 623 1834 in
641 1760 770 1843 frigidis:

80 1839 112 1898 in
121 1838 293 1919 temperatis
303 1855 435 1901 exortum
442 1837 681 1922 aequinofflalem.
695 1839 770 1924 Agri

80 1918 91 1977 i
116 1919 179 1980 sius
197 1917 323 1989 bonitas,
340 1919 442 2002 quibus
459 1922 632 2002 argumentis
647 1918 771 2000 judicata·

81 1939 125 2062 (ζ
140 2001 193 2070 sit,
203 2019 377 2081 quamquam
397 2001 434 2060 de
451 2015 535 2060 terrae
557 2002 671 2082 optimo
682 2020 771 2083 gerre-

81 2099 120 2140 re
141 2078 305 2141 differentes
325 2079 438 2142 abunde
458 2078 557 2140 dixiffe
569 2078 773 2162 poffumusvi·

83 2159 175 2254 deri,
191 2161 352 2255 etiamnum
371 2177 468 2256 tamen
484 2161 602 2257 traditas
613 2161 773 2224 notassub·

86 2238 773 2402 rtrttauttiraatrtrttt‚aaz

86 2399 145 2461 bus
165 2403 309 2475 minutus,
327 2401 486 2476 trifolium,
506 2405 596 2464 herba
617 2408 773 2485 pratensis','

88 2501 235 2564 quercus,
255 2481 391 2543 silvestris
407 2485 503 2562 pirus,
521 2481 688 2564 malusque,
710 2483 772 2542 fru-

87 2563 223 2624 mentarii
245 2559 297 2623 soli
315 2578 401 2624 notae.
421 2561 495 2620 Item
523 2561 603 2642 nigra
623 2577 718 2633 terra,
739 2563 772 2624 &
893 2617 896 2626 .

89 2643 199 2704 cinerei
223 2643 340 2704 colotis.
358 2639 464 2703 Omnis
482 2655 561 2700 creta
580 2641 701 2721 coquit,
716 2641 773 2701 nisi

88 2741 257 2801 permacra:
276 2721 478 2802 stabulumque,
496 2721 551 2781 nisi
566 2718 598 2780 id
614 2722 772 2801 etiamper·

89 2819 180 2876 tenue
198 2799 255 2864 est:
271 2803 304 2866 δι
320 2801 413 2863 multi>
433 2799 637 2883 campestribus
661 2801 771 2886 magia

90 2881 180 2968 quam
200 2881 316 2947 clivosis
340 2880 514 2965 respondeat
529 2881 641 2950 eadem·
727 2901 733 2920 ²
