1954 3594
218 279 289 354 374
339 259 376 327 C.
403 258 578 352 Pttnrt
603 257 792 328 Nrrun.

216 377 341 451 tunicis,
358 376 463 436 iterum
477 373 578 442 iisdem
594 379 776 438 armamentis
788 375 888 446 nudata

217 458 380 518 conciditur
398 456 534 517 medulla.
552 455 595 517 Ita
609 455 682 518 fiunt
694 458 773 519 alicae
783 462 834 518 tria
860 479 887 518 e·

217 559 305 599 nera:
318 539 485 612 minimum,
496 559 529 598 ac
542 536 760 618 secundarium:
791 561 819 599 ra
859 542 889 598 's-

219 621 325 679 simum
336 619 408 680 ve'rb
420 616 582 699 aphaerema
591 619 746 701 appellant.
757 559 889 682 sontum

218 699 327 761 habent
348 699 507 761 candorem
527 699 609 760 suurn
629 721 689 782 quo
709 701 888 784 praecellunr:

216 777 275 863 jam
288 798 384 846 tamen
392 779 595 846 Alexandrinae
607 780 802 863 praeferuntur.
812 778 889 843 Post·

218 883 253 922 ea
274 860 398 944 (mirum
416 860 510 945 disin)
530 861 704 938 admiscetur
721 879 815 936 creta,
831 883 889 944 quaa

218 945 319 1004 transit
336 945 366 1002 in
386 962 514 1023 corpus,
535 944 747 1024 coloremque,
767 945 890 1014 &tene-

217 1025 332 1085 ritatem
351 1022 454 1084 adfert.
476 1021 623 1086 Invenitur
634 1024 696 1084 haec
707 1028 782 1086 inter
791 1021 889 1086 Puteo-

218 1105 268 1166 los¹
287 1107 319 1168 &
337 1104 401 1165 Nea
423 1105 516 1179 olim,
538 1105 567 1164 in
581 1105 657 1166 colle
670 1103 832 1187 Leucogaeo
844 1126 889 1184 ap·

218 1185 335 1268 pellato.
346 1127 510 1268 &satque
521 1185 581 1246 divi
592 1184 641 1245 Au
662 1184 716 1246 usti
733 1187 889 1256 decretum,

218 1287 280 1348 quo
299 1287 392 1326 annua
405 1269 508 1328 vicena
524 1266 613 1326 millia
629 1205 827 1348 Iseapolitanis
842 1285 889 1346 pro

219 1367 258 1408 eo
279 1349 419 1408 numerari
434 1346 517 1428 jussit
534 1368 551 1408 e
567 1345 636 1408 fisco
656 1346 727 1422 suo,
756 1347 890 1418 coloniam

219 1427 366 1490 deducens
383 1425 523 1511 Capuam.
534 1427 711 1510 Adjecitque
724 1425 832 1488 causam
848 1425 890 1486 ad·

220 1507 353 1583 serendi,
370 1511 509 1590 quoniam
526 1507 671 1591 negassent
687 1506 826 1592 Campani
842 1508 889 1567 ali·

220 1609 285 1650 cant
298 1587 402 1670 confici
416 1592 477 1651 sine
498 1610 534 1650 eo
554 1590 673 1652 metallo
690 1588 779 1671 posse.
794 1587 826 1649 In
843 1609 888 1648 eo·

220 1669 290 1732 dem
302 1671 484 1752 reperitur&
495 1670 626 1752 sulphur:
640 1673 819 1753 emicantque
830 1667 888 1729 son·

220 1767 265 1812 tes
289 1749 377 1814 Araxi
396 1751 548 1812 oculorum
558 1752 692 1825 claritati,
705 1752 889 1817 &vulnerum
952 1779 953 1832 t

219 1832 391 1905 medicinae,
413 1823 601 1974 dentiumzue
622 1832 761 1895 firmitati.

261 1911 347 1974 Alica
365 1912 521 1976 adulterina
568 1931 579 1975 t
600 1914 725 1976 maxime
744 1913 888 1997 quideme

221 1994 293 2069 zei,
314 2016 378 2076 quae
396 1997 426 2055 in
447 1993 549 2056 Africa
577 1981 886 2077 degeneraturam
952 1993 953 2048 Ῐ

108 2129 113 2146 ,
192 2073 285 2154 ejus
300 2073 406 2155 spicae,
424 2074 640 2158 nigrioresque,
662 2078 695 2138 &
715 2076 799 2138 brevi
811 2073 888 2168 ssipu·

221 2155 259 2215 la.
275 2155 375 2230 ,Pisum
395 2177 463 2216 curn
480 2158 583 2230 areni,
598 2159 631 2220 &
651 2159 694 2218 sic
711 2178 826 2240 quoque
843 2151 889 2216 dis·
952 2195 953 2216 r

220 2233 334 2296 ficulter
350 2234 483 2296 deterunt
499 2237 638 2315 utriculos
648 2282 662 2318 ,Ι
676 2235 768 2320 fitque
785 2235 889 2314 dimidia
952 2257 953 2262 ¹

220 2316 291 2377 nudi
312 2313 451 2384 mensura.
468 2315 631 2402 Posteaque
712 2321 736 2379 si
747 2340 812 2402 pars
820 2337 890 2400 quar,-

220 2412 251 2457 ta
269 2395 453 2480 inspargitur,
466 2414 550 2482 atque
567 2417 599 2461 ut
616 2339 754 2474 coffiit,
769 2398 888 2462 farinario

222 2477 319 2541 cribro
341 2477 523 2541 subcernunt.
540 2478 619 2561 Quae
636 2483 666 2542 in
686 2501 725 2542 eo
745 2481 886 2548 remansit,
952 2509 953 2532 r

221 2579 294 2621 exce
316 2562 376 2622 titia
396 2561 575 2644 appellatur,
597 2564 631 2644 &
650 2561 839 2645 grandissima
848 2557 889 2630 ess,
952 2573 953 2576 ’

218 2639 283 2702 Rur
296 2663 328 2702 us
348 2663 413 2738 quat
431 2645 549 2718 transit,
568 2641 689 2704 arffiore
707 2639 887 2716 cemitur,&

221 2717 385 2784 secundaria
412 2743 543 2786 vocatur.
569 2721 645 2786 Item
665 2723 818 2802 cribraria,
834 2738 889 2803 que,

217 2801 307 2866 simu
322 2804 413 2868 modo
432 2807 463 2868 in
478 2807 565 2870 tertio
583 2804 719 2870 remansit
735 2805 889 2880 rribtossoe
952 2863 953 2870 t
