1942 3586
229 374 296 452 ¹72
353 355 389 429 C.
413 359 593 430 Pzrurr
618 359 808 431 NArun.

225 481 260 542 ἃ
278 477 466 551 candidiore,
480 477 513 540 δι
534 475 646 557 majore
668 501 675 540 :
696 475 805 539 semine
831 475 899 538 inter

224 559 296 622 folia
313 561 410 622 rubro.
430 558 555 620 Plurima
567 561 596 618 in
615 558 686 632 Ida,
700 560 733 620 &
751 561 826 619 circa
841 559 898 618 lle·

225 642 351 702 racleam
374 639 479 714 Ponti,
497 660 553 700 nec
569 641 624 699 nisi
639 642 669 698 in
681 641 852 700 montuosis.
869 637 900 698 ld

226 743 364 806 quoque,
386 720 466 803 quod
491 720 670 801 daphnoides
689 737 833 793 vocatur,
857 738 902 800 ge·

226 823 302 877 nus,
321 805 351 864 in
365 803 518 862 nominum
537 801 646 861 ambitu
669 798 721 861 est.
744 800 804 861 Alii
831 802 901 862 enim

223 882 394 965 Pelasgum,
415 881 462 940 alii
483 882 658 964 eupetalon‚
678 881 726 941 alii
746 879 787 942 ste
810 881 899 940 hanon

227 963 386 1025 Alexandri
406 980 524 1023 vocant.
543 958 580 1023 Et
597 963 644 1022 hic
651 959 753 1041 frutex
765 901 809 1022 eff
818 981 903 1022 ramo·

224 1042 294 1118 sus,
313 1045 451 1104 crassiore
464 1048 497 1104 ac
516 1043 674 1115 molliore,
692 1041 779 1124 quim
794 1042 902 1115 laums,

225 1123 318 1185 foliot
339 1122 418 1203 cujus
440 1123 550 1206 gustatu
580 1124 748 1185 accenditur
770 1125 902 1204 oratque

224 1222 343 1288 guttur,
360 1201 456 1264 baccis
476 1225 494 1266 e
509 1206 593 1286 nigro
605 1203 684 1265 rufis.
697 1202 841 1264 Natarum
852 1224 899 1263 an-

132 1313 135 1322 *
224 1287 334 1366 niquis,
353 1285 463 1346 nullum
496 1302 585 1367 genus
615 1285 711 1346 laurlls
736 1285 768 1344 in
787 1282 904 1346 Corsici

226 1359 327 1428 luisse:
363 1365 422 1428 uod
442 1385 518 1427 nunc
539 1365 630 1430 satum
645 1367 677 1428 dt
696 1364 738 1425 ihi
757 1367 902 1446 provenit.

268 1446 332 1508 XL.
342 1387 415 1527 lpsa
434 1445 578 1530 pacifera,
599 1463 737 1529 utquam
768 1445 904 1525 praetendi

227 1529 316 1590 etiam
335 1530 408 1587 inter
427 1543 552 1588 armatos
568 1525 664 1587 hostes
703 1528 786 1586 uietis
805 1529 842 1587 sic
864 1530 904 1587 in·

226 1610 348 1672 dicium.
368 1608 508 1669 Romanis
528 1547 802 1690 praecipudlaefinae
817 1607 906 1668 vido·

226 1693 393 1772 riarumque
413 1691 512 1749 nuntia
532 1688 645 1748 additur
663 1689 767 1761 literis,
785 1687 817 1749 δι
835 1689 905 1748 mili·

224 1787 294 1913 Eum
309 1771 432 1911 lanceEisx,
445 1767 575 1910 ζὶὓὶἰςυε.
590 1768 691 1866 Fasces
701 1770 905 1912 iJmperatornm

228 1869 905 2013 ullinenpzllrszldalllllll

229 2033 269 2074 va
286 2011 402 2073 vidoria
423 2011 526 2072 arnalit.
544 2009 637 2093 quue
650 2013 788 2092 nunquia
805 2031 905 2094 perpe·

229 2093 283 2153 ruo
301 2095 399 2165 viret,
420 2111 474 2151 nec
497 2093 565 2172 quia
583 2089 707 2172 pacifera
728 2089 905 2174 est(praefe·

229 2173 320 2233 tenda
341 2176 368 2232 ei
386 2187 508 2254 utroque
521 2170 609 2310 dell
620 2171 669 2234 sed
681 2173 752 2312 guia
766 2171 905 2254 spellaris·

229 2255 303 2314 sima
322 2255 351 2313 in
370 2268 470 2312 monte
489 2249 578 2312 Panna
602 2273 645 2314 o:
670 2255 679 2312 i
701 2271 796 2335 eoque
823 2255 905 2314 etiam

229 2351 310 2426 grata
329 2329 478 2414 Apollini,
501 2330 625 2393 adsuetis
647 2334 684 2395 ed
702 2334 780 2395 dona
798 2337 905 2394 mittere

228 2435 288 2556 lam
307 2414 339 2490 δι
358 2412 470 2496 regibus
494 2411 652 2487 Romanis,
672 2413 745 2475 teste
760 2415 794 2476 L.
807 2415 905 2476 Bruto.

254 2495 369 2555 omassis
392 2495 477 2554 etiam
496 2495 525 2553 in
547 2511 762 2576 argumentum,
794 2497 906 2556 uoniam

227 2575 271 2637 ibi
289 2575 449 2636 menatem
468 2574 613 2656 publicam
635 2577 659 2636 is
676 2517 838 2651 meruillet‚
850 2578 908 2637 lau·

228 2655 347 2717 riferam
358 2656 491 2718 tellurem
501 2656 578 2716 illam
591 2655 732 2717 osculans
745 2677 782 2717 ex
793 2657 906 2740 respon·

228 2735 273 2797 so.
297 2734 335 2795 Et
350 2737 416 2818 quia
428 2755 514 2797 manu
530 2735 652 2796 satarum
670 2755 851 2819 receptarum
873 2755 906 2796 ue

225 2817 259 2874 in
277 2815 406 2888 domos,
421 2814 540 2876 fulmine
566 2815 626 2878 sola
650 2837 710 2876 non
737 2820 831 2879 icitur.
887 2815 904 2876 b

225 2893 275 2956 has
296 2893 391 2957 causas
403 2897 540 2977 equidem
548 2896 740 2974 crediderim,
760 2899 903 2963 honorem
