1932 3588
259 163 266 204 r

203 293 287 370 324·
326 243 778 344 cJPrrrrrNr'rur.

164 407 166 427 ’
202 391 279 455 nasci
296 390 409 468 solent,
424 390 565 465 cochleae,
588 389 744 487 peculiaria
764 387 879 452 beorum

202 477 287 537 vitia:
301 493 356 534 nec
366 473 476 554 ubique
488 494 495 532 :
506 469 568 532 suut
576 491 654 532 erum
662 470 797 553 quaedam
807 473 880 552 aegri·

202 555 317 616 rudines
334 555 367 616 δε
383 553 526 615 locorum.

243 635 356 696 Verum
372 651 405 694 ur
422 633 533 694 homini
553 653 710 697 nervorum
724 635 882 708 cruciatus}

202 717 244 780 sic
263 719 296 780 δι
315 715 428 786 arbori,
439 737 472 775 ac
486 713 599 776 duobus
611 714 693 795 aequd
704 713 882 776 modis.'Aut

203 801 283 860 enim
301 799 330 856 in
353 795 460 878 pedes,
478 795 536 856 hoc
551 793 612 868 est,
634 795 766 871 radices,
784 797 881 856 irruru·

202 880 246 962 pit
262 880 307 939 vis
326 877 442 939 morbi:
463 891 511 936 aut
530 878 560 936 in
581 875 732 948 articulos,
746 875 805 938 hoe
824 874 883 948 est,

202 960 384 1022 cacuminum
405 958 528 1040 digitos,
552 957 602 1039 qui
622 954 793 1038 longissimi
810 972 882 1020 ato·

201 1056 234 1100 ro
245 1059 368 1122 corpore
379 1054 493 1099 exeunt.
503 1035 666 1098 inarescunt
676 1057 748 1120 ergo
759 1061 768 1098 ε
780 1038 813 1100 &
824 1035 882 1098 suut

201 1120 280 1200 apud
305 1117 427 1180 Graecos
451 1117 499 1178 sua
518 1118 639 1179 nomina
656 1121 776 1200 utrique
801 1119 881 1181 vitio.

201 1200 339 1282 Undique
360 1201 455 1281 primo
476 1198 576 1270 dolor,
588 1219 659 1258 mox
669 1199 702 1259 &
715 1200 826 1260 macies
836 1219 881 1262 ea·

187 1284 264 1344 'rum
271 1282 393 1363 partium
400 1279 522 1362 fragilis,
533 1278 787 1362 postrembtabes,
798 1281 882 1340 mori·

200 1382 274 1443 que,
292 1382 352 1422 non
364 1365 488 1422 intrante
506 1360 613 1432 succo,
632 1376 680 1422 aut
698 1382 760 1422 non
782 1379 882 1442 perse*

199 1445 318 1503 niente:
340 1441 525 1523 maximique
546 1442 576 1502 id
599 1439 649 1502 fici
670 1439 807 1504 sentiunt.
820 1439 881 1502 Ca·

199 1521 319 1605 prisicus
338 1524 470 1585 omnibus
492 1523 627 1583 immunis
639 1519 698 1596 est,
714 1521 879 1604 quaeadbuc

199 1605 334 1666 diximus.
364 1601 481 1666 Scabies
506 1604 629 1686 gignitur
656 1603 774 1664 roribus
799 1604 879 1664 lentis

197 1683 265 1767 post
273 1685 429 1768 Vergilias
446 1683 523 1746 Nam
533 1688 555 1745 si
565 1685 686 1746 rariores
696 1681 800 1758 fliete,
814 1704 881 1766 per·

161 1812 165 1821 .
198 1765 323 1828 fundunt
331 1766 561 1836 arborem,non
578 1763 706 1845 scalpunt
716 1764 825 1828 scabie.
842 1763 880 1826 Et
949 1798 950 1806 κ

198 1849 291 1930 grossi
313 1846 433 1921 eadunt,
453 1849 475 1907 si
495 1847 546 1907 vel
562 1845 669 1905 imbres
689 1847 772 1906 nimii
787 1844 876 1906 fuere.
949 1849 950 1852 ’

198 1929 270 1990 Alio
281 1927 371 1988 modo
382 1925 453 1990 ficus
464 1927 574 1992 laborat
589 1925 735 1986 radicibus,
745 1927 875 1990 madidis.

237 2008 353 2069 Viribus
370 2025 474 2089 prater
494 2006 766 2068 vermiculationem
786 2009 820 2070 &
838 2007 875 2067 si·

192 2085 378 2152 'demtionem
395 2089 514 2150 morbus
531 2087 679 2168 peculiaris
691 2089 875 2160 articulatio,

194 2169 284 2230 uibus
296 2169 333 2230 de
344 2172 454 2231 causis:
471 2168 545 2242 uni,
555 2171 587 2230 ui
596 2167 799 2248 tempestatum
812 2189 874 2251 get·

193 2248 318 2312 minibus
329 2249 429 2310 ablatis
440 2272 447 2310 :
460 2249 569 2322 alteri,
590 2266 622 2310 ur
643 2251 757 2316 notayir
773 2249 873 2310 Theo·

192 2328 342 2410 pbrastus,
357 2331 387 2390 in
406 2328 537 2410 supinum
558 2331 681 2392 excisis:
697 2330 800 2402 tertii,
813 2331 871 2392 cul-

193 2429 266 2471 rurae
284 2410 428 2489 impetiri&
447 2409 530 2476 laesis.
548 2407 670 2476 Omnes
684 2415 762 2476 enim
775 2431 872 2472 earum

191 2490 303 2570 injuriae
323 2494 354 2552 in
375 2492 499 2552 articulis
526 2489 691 2554 sentiuntur.
713 2491 872 2556 Siderario·

191 2574 236 2632 nis
253 2592 342 2654 genus
365 2571 455 2634 estin
476 2573 520 2633 his
543 2572 872 2644 deflorescentibus‚ron

190 2654 280 2713 ratio:
295 2668 342 2712 aut
360 2655 426 2714 cbm
446 2655 536 2726 acini,
551 2652 716 2735 priusquam
726 2652 870 2726 crescant,

191 2733 392 2813 decoquuntur
409 2735 438 2792 in
458 2733 570 2800 callum.
595 2734 747 2816 AEgrotunt
758 2735 789 2796 ἃ
801 2735 868 2800 cbrn

140 2821 142 2828 '
190 2811 297 2886 alfere,
312 2812 384 2877 laesis
397 2815 520 2902 uredine
533 2813 708 2882 attonsarum
719 2815 818 2882 oculis.
829 2812 869 2878 Er
