1934 3592
194 290 393 395 meror.
420 324 494 396 uu.
519 323 643 394 xm.-
672 345 739 420 ¹99

81 439 165 501 cidunt
176 439 259 503 folia:
274 444 335 505 aiiae
353 441 528 527 sempiterni
539 441 625 504 corni
634 441 739 510 virent.

80 519 168 599 Quam
184 521 370 586 differentiam
396 523 546 586 antecedat
567 519 678 584 necess'e
698 521 740 584 est

79 603 153 682 prior.
174 601 243 666 Sunt
260 607 338 667 enim
356 605 492 668 arborum
508 605 641 689 quaedam
658 602 744 664 urba·

77 684 179 759 uinces,
197 707 265 767 quas
286 689 330 748 his
348 690 443 772 placet
464 686 628 749 nominibus
643 681 743 766 distin

76 779 161 901 inere.
178 765 231 827 Hae
245 770 350 844 mites,
369 791 434 852 quae
450 765 562 841 frana,
580 783 629 828 aut
647 765 743 858 aliqui

93 861 153 920 ore,
168 848 370 911 umbrarumve
392 846 490 910 officio
516 849 669 910 humanius
693 867 742 928 Ju-

77 941 152 996 vant‚
172 949 231 988 non
247 931 384 1013 improbe
399 931 529 992 dicantur
546 929 672 990 urbanae.

108 1003 241 1072 XXXIII.
263 1031 311 1073 20.
333 1011 445 1072 Harum
464 1014 563 1094 generi
584 1031 644 1072 non
660 1007 741 1069 deci·
846 1041 851 1054 ‚

76 1083 151 1148 dum:
162 1089 233 1150 oleae
241 1136 250 1166 ,
258 1092 360 1165 lauro,
370 1092 493 1186 palme,
503 1107 618 1174 myrto,
628 1087 741 1172 cupres·

76 1162 117 1238 so,
122 1170 569 1308 einimedetaesshododemiro,
582 1171 637 1254 δι(
683 1191 742 1232 am·

75 1247 113 1307 vis
141 1249 468 1336 erbadicatur)sabinae.
480 1192 742 1328 Rhododenbbon,
777 1309 780 1315 .

75 1341 102 1386 ut
116 1334 227 1394 nomine
247 1351 418 1418 apparet,a
438 1332 550 1396 Graecis
570 1337 662 1395 venit.
681 1333 743 1394 Alii

76 1412 166 1472 nerion
182 1434 341 1489 vocarunt,
360 1417 407 1476 alii
414 1412 745 1498 rhododaphnen,sem·

76 1489 203 1624 Eiternum
215 1495 340 1567 fronde,
353 1495 423 1558 rosae
439 1497 642 1566 similitudine,
656 1495 744 1555 cauli·

93 1589 120 1630 us
134 1571 305 1640 fruticosum.
318 1577 458 1640 lumentis
470 1576 617 1660 caprisque
629 1575 662 1637 ὃ(
678 1577 742 1637 ovi·

77 1647 121 1710 bus
130 1674 273 1718 venenum
286 1657 337 1720 est.
355 1657 437 1719 ldem
447 1659 557 1732 homini
571 1675 671 1718 contra
685 1654 744 1717 ser·
769 1708 772 1715 .

78 1736 191 1808 pmtium
210 1760 327 1800 venena
338 1739 479 1802 remedio.

111 1831 153 1876 21.
174 1816 352 1882 silvestrium
371 1817 571 1904 generisvfolii
586 1840 646 1880 non
666 1817 743 1879 deci·

79 1887 138 1954 dunt
153 1897 257 1978 abieti,
276 1901 368 1971 larici,
379 1899 521 1984 pinastro,
533 1900 667 1982 junipero
679 1943 688 1972 ‚
700 1919 745 1962 ce·

79 1969 142 2050 dro,
159 1983 345 2057 terebintho,
365 1981 463 2054 buxo,
483 1981 556 2053 ilici,
577 1981 744 2064 aquifolio,

78 2049 171 2133 suberi,
182 2079 251 2125 taxo
266 2109 276 2137 ‚
292 2065 429 2123 tamarici.
439 2061 648 2144 interutraque
677 2082 746 2124 ene·

79 2149 104 2192 rc
120 2135 178 2202 sunt
203 2144 348 2205 adrachne
368 2146 398 2204 in
418 2139 561 2217 Graecii,
584 2145 616 2204 δι
635 2083 743 2226 ubique

79 2219 171 2282 unedo.
189 2223 323 2321 Reliqua‘
337 2231 415 2284 enirn
434 2221 502 2284 folia
521 2223 657 2285 decidunt
684 2227 744 2296 his,

80 2311 255 2388 preterquam
266 2326 296 2366 rn
311 2305 513 2366 cacuminibus.
524 2305 595 2366 Non
608 2306 746 2366 decidunt

79 2391 162 2442 autem
184 2387 216 2448 ὅ(
239 2388 270 2446 in
287 2385 422 2446 fruticum
442 2406 549 2468 genere
565 2387 678 2446 cuidam
697 2407 745 2446 ru·

79 2452 127 2532 ¹³02
142 2465 173 2525 ἃ
184 2466 307 2545 calamo.
329 2465 363 2528 In
380 2465 515 2526 Thurino
531 2483 616 2546 agro,
632 2465 681 2524 ubi
694 2463 747 2545 sy·

79 2533 222 2619 barisfuit,
233 2567 269 2608 ex
279 2547 340 2628 ipsi
352 2545 424 2608 urbe
434 2543 660 2626 prospiciebatur
666 2565 748 2626 quer·

79 2637 122 2681 cus
139 2646 213 2700 una,
230 2647 388 2711 numquam
405 2623 477 2686 folia
506 2623 669 2697 dimittens,
691 2644 747 2686 nec

80 2717 136 2764 ante
157 2709 282 2770 mediam
305 2707 433 2769 aestatem
458 2707 633 2790 germinans.
653 2703 746 2788 quue

79 2783 176 2848 mirum
189 2789 250 2862 est,
270 2787 382 2851 Graecis
400 2785 559 2849 aufioribus
580 2785 744 2869 proditum,

80 2865 148 2943 ¹pud
165 2889 218 2934 nos
237 2868 338 2954 postea
356 2869 442 2934 sileri.
456 2867 534 2932 Nam
544 2868 677 3011 Iolcurum
687 2885 748 2930 tan·

523 2980 527 2986 ·
607 2971 638 3015 W
