1942 3586
94 281 96 288 ’
179 327 197 360 ⁴·
220 293 421 368 Hrsron.
443 293 517 368 Lib.
537 293 619 364 XV.
676 316 738 389 ¹73

93 409 117 472 ei·
129 409 246 480 habitum
256 414 283 472 in
292 414 441 494 triumphis
455 414 568 494 potius,
581 411 668 495 quim
681 415 749 496 quia

92 490 264 554 suffimentum
280 497 315 554 sit
335 495 420 556 caedis
438 492 571 558 *hostium
593 495 625 556 δι
644 513 750 576 purga·

90 575 142 644 tio,
158 591 187 633 ut
204 575 285 634 tradit
305 573 456 636 Masurius.
475 571 622 654 Adeoque
641 577 672 634 in
685 595 749 654 pro·

89 651 150 712 sartis
158 655 249 722 usibus
259 655 349 736 pollui
362 656 472 716 laurum
482 656 514 718 δι
526 654 621 716 oleam
632 653 674 714 sas
686 675 748 718 non

88 731 137 806 est,
149 752 177 794 ut
196 757 232 796 ne
251 737 438 818 propitiandis
450 735 567 818 quidem
581 735 747 798 numinibus

88 816 190 876 accendi
202 837 237 877 ex
247 819 291 878 lris
303 817 399 878 altaria
412 838 506 878 araeve
518 817 651 878 debeant.
673 815 747 879 Lau·

88 913 126 954 rus
162 885 255 958 uidem
273 897 424 959 manifesti>
441 898 553 958 abdicat
562 900 643 992 ignes
653 899 749 978 crepi-

87 919 177 1048 cult
196 978 320 1060 quadam
349 975 559 1040 detestatione:
579 996 748 1040 interaneo-

87 1074 139 1116 rum
162 1061 245 1119 etiam
262 1062 335 1120 vitia
358 1061 390 1120 δι
406 1060 570 1125 {nervorum
589 1058 666 1141 ligno
684 1076 748 1120 tor-

87 1154 186 1217 quente.
196 1138 349 1200 Tiberium
365 1140 526 1220 principem
543 1156 661 1200 tonante
675 1140 747 1204 caelo

87 1223 201 1280 coronari
221 1221 255 1281 eti
272 1219 387 1292 solitum
413 1217 509 1282 serunt
531 1236 630 1284 contra
650 1219 748 1284 sulmi-

86 1317 144 1358 num
164 1319 263 1363 metus.

116 1377 182 1443 Sunt
199 1383 232 1444 ἃ
247 1384 325 1444 circa
342 1381 441 1443 divum
458 1379 620 1463 Augustum
642 1398 747 1444 eventa

85 1454 136 1536 ejus
146 1462 226 1545 digna
234 1480 407 1524 memoratu.
421 1461 554 1544 Namque
567 1461 658 1522 Liviae
667 1461 746 1524 Dru·

85 1539 141 1601 sillae
152 1587 161 1616 ‚
181 1565 244 1625 quae
255 1541 357 1625 postea
366 1541 495 1683 Αυὲιίὶα
506 1545 681 1602 matrimonii
695 1565 751 1616 ηοξ

84 1637 140 1680 men
152 1626 359 1706 accepit,citm
378 1645 413 1704 pa
442 1647 458 1684 a
476 1621 545 1684 esset
565 1615 612 1682 illa
623 1620 747 1697 Caesari,

83 1701 200 1781 gallinam
220 1703 370 1786 conspicui
389 1698 522 1764 caindoris
537 1701 646 1763 sedenti
655 1705 750 1786 aquila

54 1815 60 1831 ·
85 1784 178 1844 exalto
198 1783 307 1866 abjecit
318 1786 346 1844 in
358 1786 499 1867 gremium
517 1781 752 1845 illaesam:intre·

84 1863 192 1948 pilique
204 1869 320 1928 miranti
333 1867 451 1925 accessit
466 1863 656 1940 miraculum,
673 1885 750 1947 quo·

85 1945 149 2005 niam
163 1964 277 2010 teneret
292 1945 382 2007 rostro
403 1947 533 2005 laureum
551 1963 662 2006 ramum
681 1967 750 2007 onu·

85 2021 146 2086 sium
160 2027 213 2090 suis
230 2030 338 2090 baccis.
349 2023 523 2088 Conservari
537 2025 634 2086 alitem
651 2028 684 2090 δι
701 2025 751 2090 so-

85 2103 169 2170 bolem
190 2109 294 2190 jussere
311 2106 472 2190 aruspices,
491 2127 659 2190 ramumque
682 2129 750 2172 eum

85 2183 128 2246 seri
136 2211 167 2250 ac
182 2193 235 2252 rite
255 2188 401 2250 custodiri.
424 2186 518 2330 ῼυοά
536 2187 640 2250 saslum
659 2189 700 2252 est
720 2193 749 2252 in

84 2267 142 2328 villi
152 2269 295 2334 Caesarum
306 2313 315 2342 ‚
325 2270 416 2330 fluvio
460 2269 530 2330 iberi
541 2271 677 2350 impositis
689 2271 752 2351 jux·

84 2360 107 2406 ta
122 2371 226 2414 nonum
250 2353 276 2412 la
299 2350 377 2412 idem
395 2349 533 2411 Flaminii
553 2353 617 2422 vie,
630 2373 694 2433 quaa
708 2352 748 2412 ob

84 2427 110 2487 id
126 2451 245 2494 vocatur
266 2373 316 2492 ild
344 2431 489 2514 gallinas:
516 2430 648 2509 mirbque
678 2431 751 2490 silva

84 2517 217 2584 provenit.
240 2511 285 2574 Ex
297 2512 331 2574 ei
344 2510 520 2592 triumphans
531 2507 630 2589 postea
640 2507 752 2582 Caesar‚

83 2587 181 2654 laurum
199 2594 231 2654 in
250 2593 460 2662 manutenuit,
482 2609 678 2671 coronamque
706 2611 753 2648 ca·

84 2672 135 2750 pite
153 2677 264 2756 gessit:
279 2695 311 2734 ac
331 2672 435 2734 deinde
455 2673 643 2751 imperatores
660 2667 754 2730 caesa-

83 2755 239 2816 restructi.
260 2752 452 2833 Traditusque
481 2771 546 2812 mos
572 2749 614 2811 est
639 2769 752 2824 ramos,

84 2851 148 2916 quos
168 2852 341 2908 tenuerunt,
360 2831 489 2908 serendi,
509 2831 541 2896 uc
561 2831 752 2974 dltprpntsilvae

614 2935 643 2994 n]
