<?xml version="1.0" encoding="UTF-8"?>
<!DOCTYPE html PUBLIC "-//W3C//DTD XHTML 1.0 Transitional//EN"
    "http://www.w3.org/TR/xhtml1/DTD/xhtml1-transitional.dtd">
<html xmlns="http://www.w3.org/1999/xhtml" xml:lang="en" lang="en">
 <head>
  <title>
</title>
<meta http-equiv="Content-Type" content="text/html;charset=utf-8" />
  <meta name='ocr-system' content='tesseract 3.04.00' />
  <meta name='ocr-capabilities' content='ocr_page ocr_carea ocr_par ocr_line ocrx_word'/>
</head>
<body>
  <div class='ocr_page' id='page_1' title='image "./caiipliniisecun01brotgoog_0185.png"; bbox 0 0 1942 3586; ppageno 0'>
   <div class='ocr_carea' id='block_1_1' title="bbox 212 283 774 413">
    <p class='ocr_par' dir='ltr' id='par_1_1' title="bbox 212 283 774 413">
     <span class='ocr_line' id='line_1_1' title="bbox 212 283 774 413; baseline -0.007 -23"><span class='ocrx_word' id='word_1_1' title='bbox 212 283 278 413; x_wconf 61' lang='grc' dir='ltr'>ηδ</span> <span class='ocrx_word' id='word_1_2' title='bbox 345 319 381 390; x_wconf 83' lang='lat' dir='ltr'>C.</span> <span class='ocrx_word' id='word_1_3' title='bbox 403 319 566 388; x_wconf 80' lang='lat' dir='ltr'>Prturr</span> <span class='ocrx_word' id='word_1_4' title='bbox 588 317 774 388; x_wconf 65' lang='grc' dir='ltr'><em>ΝΛΜ.</em></span> 
     </span>
    </p>
   </div>
   <div class='ocr_carea' id='block_1_2' title="bbox 207 438 956 1814">
    <p class='ocr_par' dir='ltr' id='par_1_2' title="bbox 207 438 956 1814">
     <span class='ocr_line' id='line_1_2' title="bbox 208 438 883 520; baseline -0.001 -20"><span class='ocrx_word' id='word_1_5' title='bbox 208 440 352 500; x_wconf 75' lang='lat' dir='ltr'>versiam:</span> <span class='ocrx_word' id='word_1_6' title='bbox 375 438 551 520; x_wconf 90' lang='lat' dir='ltr'>dubiumque</span> <span class='ocrx_word' id='word_1_7' title='bbox 569 455 653 499; x_wconf 85' lang='lat' dir='ltr'>terrae</span> <span class='ocrx_word' id='word_1_8' title='bbox 674 439 728 509; x_wconf 89' lang='lat' dir='ltr'>sit,</span> <span class='ocrx_word' id='word_1_9' title='bbox 742 458 778 513; x_wconf 80' lang='lat' dir='ltr'>an</span> <span class='ocrx_word' id='word_1_10' title='bbox 809 451 883 499; x_wconf 80' lang='lat' dir='ltr'>attus</span> 
     </span>
     <span class='ocr_line' id='line_1_3' title="bbox 207 457 880 602; baseline -0.009 -19"><span class='ocrx_word' id='word_1_11' title='bbox 207 521 306 583; x_wconf 87' lang='lat' dir='ltr'>maris.</span> <span class='ocrx_word' id='word_1_12' title='bbox 326 517 389 581; x_wconf 88' lang='lat' dir='ltr'>lllic</span> <span class='ocrx_word' id='word_1_13' title='bbox 406 517 508 580; x_wconf 89' lang='lat' dir='ltr'>misera</span> <span class='ocrx_word' id='word_1_14' title='bbox 527 539 597 602; x_wconf 88' lang='lat' dir='ltr'>gens</span> <span class='ocrx_word' id='word_1_15' title='bbox 616 518 742 580; x_wconf 85' lang='lat' dir='ltr'>tumulos</span> <span class='ocrx_word' id='word_1_16' title='bbox 768 457 880 578; x_wconf 55' lang='lat' dir='ltr'>osstinct</span> 
     </span>
     <span class='ocr_line' id='line_1_4' title="bbox 208 597 887 676; baseline -0.007 -14"><span class='ocrx_word' id='word_1_17' title='bbox 208 602 301 676; x_wconf 84' lang='lat' dir='ltr'>altos,</span> <span class='ocrx_word' id='word_1_18' title='bbox 314 617 363 662; x_wconf 89' lang='lat' dir='ltr'>aut</span> <span class='ocrx_word' id='word_1_19' title='bbox 376 600 528 662; x_wconf 90' lang='lat' dir='ltr'>tribunalia</span> <span class='ocrx_word' id='word_1_20' title='bbox 544 597 646 660; x_wconf 72' lang='lat' dir='ltr'>strusla</span> <span class='ocrx_word' id='word_1_21' title='bbox 655 597 785 660; x_wconf 84' lang='lat' dir='ltr'>manibus</span> <span class='ocrx_word' id='word_1_22' title='bbox 795 599 832 659; x_wconf 90' lang='lat' dir='ltr'>ad</span> <span class='ocrx_word' id='word_1_23' title='bbox 842 619 887 660; x_wconf 81' lang='lat' dir='ltr'>er·</span> 
     </span>
     <span class='ocr_line' id='line_1_5' title="bbox 208 680 884 764; baseline -0.004 -22"><span class='ocrx_word' id='word_1_24' title='bbox 208 685 372 764; x_wconf 88' lang='lat' dir='ltr'>perimenta</span> <span class='ocrx_word' id='word_1_25' title='bbox 390 683 519 742; x_wconf 83' lang='lat' dir='ltr'>altissimi</span> <span class='ocrx_word' id='word_1_26' title='bbox 536 680 638 756; x_wconf 73' lang='lat' dir='ltr'>estus,</span> <span class='ocrx_word' id='word_1_27' title='bbox 656 683 727 741; x_wconf 83' lang='lat' dir='ltr'>casis</span> <span class='ocrx_word' id='word_1_28' title='bbox 742 682 781 740; x_wconf 88' lang='lat' dir='ltr'>ita</span> <span class='ocrx_word' id='word_1_29' title='bbox 797 681 884 761; x_wconf 84' lang='lat' dir='ltr'>impo-</span> 
     </span>
     <span class='ocr_line' id='line_1_6' title="bbox 209 762 884 844; baseline -0.006 -20"><span class='ocrx_word' id='word_1_30' title='bbox 209 765 292 824; x_wconf 82' lang='lat' dir='ltr'>sitis:</span> <span class='ocrx_word' id='word_1_31' title='bbox 310 762 507 844; x_wconf 86' lang='lat' dir='ltr'>navigantibus</span> <span class='ocrx_word' id='word_1_32' title='bbox 522 763 649 834; x_wconf 88' lang='lat' dir='ltr'>similes,</span> <span class='ocrx_word' id='word_1_33' title='bbox 671 763 737 822; x_wconf 83' lang='lat' dir='ltr'>clun</span> <span class='ocrx_word' id='word_1_34' title='bbox 757 763 884 844; x_wconf 82' lang='lat' dir='ltr'>integant</span> 
     </span>
     <span class='ocr_line' id='line_1_7' title="bbox 207 843 885 926; baseline -0.003 -22"><span class='ocrx_word' id='word_1_35' title='bbox 207 865 291 926; x_wconf 85' lang='lat' dir='ltr'>aquae</span> <span class='ocrx_word' id='word_1_36' title='bbox 309 843 499 904; x_wconf 87' lang='lat' dir='ltr'>circumdata:</span> <span class='ocrx_word' id='word_1_37' title='bbox 516 843 885 926; x_wconf 76' lang='lat' dir='ltr'>naufragisuero,cumre·</span> 
     </span>
     <span class='ocr_line' id='line_1_8' title="bbox 208 921 887 1006; baseline -0.007 -20"><span class='ocrx_word' id='word_1_38' title='bbox 208 923 363 986; x_wconf 81' lang='lat' dir='ltr'>cesserint:</span> <span class='ocrx_word' id='word_1_39' title='bbox 386 921 584 1006; x_wconf 85' lang='lat' dir='ltr'>fugientesque</span> <span class='ocrx_word' id='word_1_40' title='bbox 611 945 678 986; x_wconf 89' lang='lat' dir='ltr'>cum</span> <span class='ocrx_word' id='word_1_41' title='bbox 706 925 779 982; x_wconf 89' lang='lat' dir='ltr'>mari</span> <span class='ocrx_word' id='word_1_42' title='bbox 799 921 887 1003; x_wconf 85' lang='lat' dir='ltr'>pisces</span> 
     </span>
     <span class='ocr_line' id='line_1_9' title="bbox 208 1001 885 1086; baseline -0.007 -20"><span class='ocrx_word' id='word_1_43' title='bbox 208 1007 285 1066; x_wconf 88' lang='lat' dir='ltr'>circa</span> <span class='ocrx_word' id='word_1_44' title='bbox 303 1007 415 1086; x_wconf 86' lang='lat' dir='ltr'>tuguria</span> <span class='ocrx_word' id='word_1_45' title='bbox 432 1023 584 1067; x_wconf 86' lang='lat' dir='ltr'>venantur.</span> <span class='ocrx_word' id='word_1_46' title='bbox 601 1004 672 1066; x_wconf 90' lang='lat' dir='ltr'>Non</span> <span class='ocrx_word' id='word_1_47' title='bbox 689 1001 885 1084; x_wconf 87' lang='lat' dir='ltr'>pecudemhis</span> 
     </span>
     <span class='ocr_line' id='line_1_10' title="bbox 208 1083 885 1160; baseline -0.009 -12"><span class='ocrx_word' id='word_1_48' title='bbox 208 1087 338 1157; x_wconf 86' lang='lat' dir='ltr'>habere,</span> <span class='ocrx_word' id='word_1_49' title='bbox 355 1105 415 1145; x_wconf 91' lang='lat' dir='ltr'>non</span> <span class='ocrx_word' id='word_1_50' title='bbox 438 1084 508 1146; x_wconf 73' lang='lat' dir='ltr'>lasle</span> <span class='ocrx_word' id='word_1_51' title='bbox 534 1086 593 1160; x_wconf 88' lang='lat' dir='ltr'>ali,</span> <span class='ocrx_word' id='word_1_52' title='bbox 613 1103 646 1146; x_wconf 90' lang='lat' dir='ltr'>ut</span> <span class='ocrx_word' id='word_1_53' title='bbox 667 1083 828 1159; x_wconf 87' lang='lat' dir='ltr'>finitimis,</span> <span class='ocrx_word' id='word_1_54' title='bbox 851 1101 885 1142; x_wconf 87' lang='lat' dir='ltr'>tre</span> 
     </span>
     <span class='ocr_line' id='line_1_11' title="bbox 208 1163 887 1247; baseline -0.004 -21"><span class='ocrx_word' id='word_1_55' title='bbox 208 1185 276 1246; x_wconf 84' lang='lat' dir='ltr'>cum</span> <span class='ocrx_word' id='word_1_56' title='bbox 285 1163 352 1234; x_wconf 87' lang='lat' dir='ltr'>seris</span> <span class='ocrx_word' id='word_1_57' title='bbox 362 1165 480 1247; x_wconf 87' lang='lat' dir='ltr'>quidem</span> <span class='ocrx_word' id='word_1_58' title='bbox 491 1166 625 1228; x_wconf 89' lang='lat' dir='ltr'>dimicare</span> <span class='ocrx_word' id='word_1_59' title='bbox 634 1166 731 1227; x_wconf 86' lang='lat' dir='ltr'>contin</span> <span class='ocrx_word' id='word_1_60' title='bbox 753 1167 796 1239; x_wconf 91' lang='lat' dir='ltr'>it,</span> <span class='ocrx_word' id='word_1_61' title='bbox 811 1163 887 1226; x_wconf 88' lang='lat' dir='ltr'>omni</span> 
     </span>
     <span class='ocr_line' id='line_1_12' title="bbox 209 1186 888 1329; baseline -0.001 -24"><span class='ocrx_word' id='word_1_62' title='bbox 209 1247 315 1329; x_wconf 90' lang='lat' dir='ltr'>procul</span> <span class='ocrx_word' id='word_1_63' title='bbox 328 1244 428 1310; x_wconf 70' lang='lat' dir='ltr'>abacto</span> <span class='ocrx_word' id='word_1_64' title='bbox 438 1245 548 1308; x_wconf 83' lang='lat' dir='ltr'>frutice.</span> <span class='ocrx_word' id='word_1_65' title='bbox 564 1247 643 1308; x_wconf 71' lang='lat' dir='ltr'>Ulvs</span> <span class='ocrx_word' id='word_1_66' title='bbox 656 1186 816 1327; x_wconf 49' lang='lat' dir='ltr'>&amp;palustri</span> <span class='ocrx_word' id='word_1_67' title='bbox 828 1243 888 1324; x_wconf 84' lang='lat' dir='ltr'>jun·</span> 
     </span>
     <span class='ocr_line' id='line_1_13' title="bbox 210 1325 887 1410; baseline -0.001 -23"><span class='ocrx_word' id='word_1_68' title='bbox 210 1347 247 1388; x_wconf 91' lang='lat' dir='ltr'>co</span> <span class='ocrx_word' id='word_1_69' title='bbox 269 1327 351 1388; x_wconf 87' lang='lat' dir='ltr'>funes</span> <span class='ocrx_word' id='word_1_70' title='bbox 371 1326 486 1388; x_wconf 75' lang='lat' dir='ltr'>nectunt</span> <span class='ocrx_word' id='word_1_71' title='bbox 508 1328 545 1388; x_wconf 88' lang='lat' dir='ltr'>ad</span> <span class='ocrx_word' id='word_1_72' title='bbox 567 1327 750 1410; x_wconf 76' lang='lat' dir='ltr'>praetexenda</span> <span class='ocrx_word' id='word_1_73' title='bbox 767 1325 887 1410; x_wconf 82' lang='lat' dir='ltr'>piscibus</span> 
     </span>
     <span class='ocr_line' id='line_1_14' title="bbox 209 1407 888 1490; baseline -0.007 -20"><span class='ocrx_word' id='word_1_74' title='bbox 209 1409 300 1470; x_wconf 83' lang='lat' dir='ltr'>retia:</span> <span class='ocrx_word' id='word_1_75' title='bbox 317 1425 432 1490; x_wconf 89' lang='lat' dir='ltr'>captum</span> <span class='ocrx_word' id='word_1_76' title='bbox 474 1429 490 1468; x_wconf 92' lang='lat' dir='ltr'>e</span> <span class='ocrx_word' id='word_1_77' title='bbox 516 1409 646 1469; x_wconf 88' lang='lat' dir='ltr'>manibus</span> <span class='ocrx_word' id='word_1_78' title='bbox 673 1408 769 1468; x_wconf 90' lang='lat' dir='ltr'>lutum</span> <span class='ocrx_word' id='word_1_79' title='bbox 797 1407 888 1469; x_wconf 83' lang='lat' dir='ltr'>ventis</span> 
     </span>
     <span class='ocr_line' id='line_1_15' title="bbox 211 1488 887 1572; baseline -0.003 -22"><span class='ocrx_word' id='word_1_80' title='bbox 211 1491 318 1572; x_wconf 86' lang='lat' dir='ltr'>magis,</span> <span class='ocrx_word' id='word_1_81' title='bbox 330 1489 416 1570; x_wconf 70' lang='lat' dir='ltr'>quim</span> <span class='ocrx_word' id='word_1_82' title='bbox 455 1490 659 1551; x_wconf 78' lang='lat' dir='ltr'>ole‘siccantes</span> <span class='ocrx_word' id='word_1_83' title='bbox 672 1512 679 1551; x_wconf 91' lang='lat'>:</span> <span class='ocrx_word' id='word_1_84' title='bbox 691 1489 771 1548; x_wconf 62' lang='lat' dir='ltr'>terri</span> <span class='ocrx_word' id='word_1_85' title='bbox 789 1488 887 1560; x_wconf 89' lang='lat' dir='ltr'>cibos,</span> 
     </span>
     <span class='ocr_line' id='line_1_16' title="bbox 210 1567 887 1652; baseline -0.007 -20"><span class='ocrx_word' id='word_1_86' title='bbox 210 1573 245 1632; x_wconf 86' lang='lat'>&amp;</span> <span class='ocrx_word' id='word_1_87' title='bbox 257 1573 375 1652; x_wconf 84' lang='lat' dir='ltr'>rigentia</span> <span class='ocrx_word' id='word_1_88' title='bbox 386 1568 592 1651; x_wconf 82' lang='lat' dir='ltr'>septemtrione</span> <span class='ocrx_word' id='word_1_89' title='bbox 610 1567 718 1632; x_wconf 76' lang='lat' dir='ltr'>viscera</span> <span class='ocrx_word' id='word_1_90' title='bbox 731 1567 781 1628; x_wconf 87' lang='lat' dir='ltr'>sua</span> <span class='ocrx_word' id='word_1_91' title='bbox 797 1585 887 1630; x_wconf 88' lang='lat' dir='ltr'>urunt.</span> 
     </span>
     <span class='ocr_line' id='line_1_17' title="bbox 211 1648 890 1713; baseline -0.006 0"><span class='ocrx_word' id='word_1_92' title='bbox 211 1651 300 1713; x_wconf 87' lang='lat' dir='ltr'>Potus</span> <span class='ocrx_word' id='word_1_93' title='bbox 313 1671 372 1712; x_wconf 92' lang='lat' dir='ltr'>non</span> <span class='ocrx_word' id='word_1_94' title='bbox 388 1653 443 1712; x_wconf 87' lang='lat' dir='ltr'>nisi</span> <span class='ocrx_word' id='word_1_95' title='bbox 460 1671 497 1711; x_wconf 87' lang='lat' dir='ltr'>ex</span> <span class='ocrx_word' id='word_1_96' title='bbox 513 1651 606 1712; x_wconf 85' lang='lat' dir='ltr'>imbre</span> <span class='ocrx_word' id='word_1_97' title='bbox 620 1650 737 1712; x_wconf 84' lang='lat' dir='ltr'>servato</span> <span class='ocrx_word' id='word_1_98' title='bbox 745 1648 890 1710; x_wconf 82' lang='lat' dir='ltr'>scrobibus</span> 
     </span>
     <span class='ocr_line' id='line_1_18' title="bbox 210 1731 956 1814; baseline -0.007 -22"><span class='ocrx_word' id='word_1_99' title='bbox 210 1733 245 1792; x_wconf 85' lang='lat' dir='ltr'>in</span> <span class='ocrx_word' id='word_1_100' title='bbox 262 1731 406 1793; x_wconf 87' lang='lat' dir='ltr'>vestibulo</span> <span class='ocrx_word' id='word_1_101' title='bbox 432 1731 546 1793; x_wconf 71' lang='lat' dir='ltr'>domus.</span> <span class='ocrx_word' id='word_1_102' title='bbox 562 1731 598 1793; x_wconf 90' lang='lat' dir='ltr'>Et</span> <span class='ocrx_word' id='word_1_103' title='bbox 608 1731 652 1792; x_wconf 84' lang='lat' dir='ltr'>ltae</span> <span class='ocrx_word' id='word_1_104' title='bbox 665 1747 782 1814; x_wconf 83' lang='lat' dir='ltr'>gentes,</span> <span class='ocrx_word' id='word_1_105' title='bbox 798 1732 892 1792; x_wconf 81' lang='lat' dir='ltr'>sivin·¹</span> <span class='ocrx_word' id='word_1_106' title='bbox 955 1739 956 1742; x_wconf 75' lang='grc'>’</span> 
     </span>
    </p>
   </div>
   <div class='ocr_carea' id='block_1_3' title="bbox 212 1809 893 1954">
    <p class='ocr_par' dir='ltr' id='par_1_3' title="bbox 212 1809 893 1954">
     <span class='ocr_line' id='line_1_19' title="bbox 212 1809 893 1954; baseline -0.009 -80"><span class='ocrx_word' id='word_1_107' title='bbox 212 1831 313 1874; x_wconf 87' lang='lat' dir='ltr'>cantur</span> <span class='ocrx_word' id='word_1_108' title='bbox 334 1813 423 1873; x_wconf 83' lang='lat' dir='ltr'>hodie</span> <span class='ocrx_word' id='word_1_109' title='bbox 443 1835 459 1873; x_wconf 84' lang='lat' dir='ltr'>a</span> <span class='ocrx_word' id='word_1_110' title='bbox 473 1813 591 1954; x_wconf 63' lang='lat' dir='ltr'>sgopulo</span> <span class='ocrx_word' id='word_1_111' title='bbox 612 1811 769 1882; x_wconf 84' lang='lat' dir='ltr'>Romano,</span> <span class='ocrx_word' id='word_1_112' title='bbox 785 1809 893 1874; x_wconf 62' lang='lat' dir='ltr'>servite*</span> 
     </span>
    </p>
   </div>
   <div class='ocr_carea' id='block_1_4' title="bbox 211 1891 896 2940">
    <p class='ocr_par' dir='ltr' id='par_1_4' title="bbox 211 1891 891 2056">
     <span class='ocr_line' id='line_1_20' title="bbox 211 1891 891 1975; baseline -0.004 -20"><span class='ocrx_word' id='word_1_113' title='bbox 211 1893 242 1956; x_wconf 89' lang='lat' dir='ltr'>se</span> <span class='ocrx_word' id='word_1_114' title='bbox 262 1895 379 1954; x_wconf 90' lang='lat' dir='ltr'>dicunt!</span> <span class='ocrx_word' id='word_1_115' title='bbox 394 1892 437 1954; x_wconf 88' lang='lat' dir='ltr'>lta</span> <span class='ocrx_word' id='word_1_116' title='bbox 455 1915 471 1954; x_wconf 93' lang='lat' dir='ltr'>e</span> <span class='ocrx_word' id='word_1_117' title='bbox 515 1891 664 1975; x_wconf 65' lang='lat' dir='ltr'>profetis:</span> <span class='ocrx_word' id='word_1_118' title='bbox 682 1892 778 1953; x_wconf 89' lang='lat' dir='ltr'>multis</span> <span class='ocrx_word' id='word_1_119' title='bbox 799 1892 891 1955; x_wconf 85' lang='lat' dir='ltr'>sortu-</span> 
     </span>
     <span class='ocr_line' id='line_1_21' title="bbox 211 1976 809 2056; baseline -0.002 -21"><span class='ocrx_word' id='word_1_120' title='bbox 211 1995 249 2035; x_wconf 84' lang='lat' dir='ltr'>na</span> <span class='ocrx_word' id='word_1_121' title='bbox 291 1976 362 2036; x_wconf 85' lang='lat' dir='ltr'>atcit</span> <span class='ocrx_word' id='word_1_122' title='bbox 380 1977 410 2035; x_wconf 91' lang='lat' dir='ltr'>in</span> <span class='ocrx_word' id='word_1_123' title='bbox 429 1995 556 2056; x_wconf 83' lang='lat' dir='ltr'>poenam.</span> <span class='ocrx_word' id='word_1_124' title='bbox 806 2015 809 2022; x_wconf 70' lang='grc'><strong><em>»</em></strong></span> 
     </span>
    </p>

    <p class='ocr_par' dir='ltr' id='par_1_5' title="bbox 212 1997 896 2940">
     <span class='ocr_line' id='line_1_22' title="bbox 254 1997 892 2116; baseline 0 -2"><span class='ocrx_word' id='word_1_125' title='bbox 254 1997 291 2116; x_wconf 76' lang='lat' dir='ltr'>Is.</span> <span class='ocrx_word' id='word_1_126' title='bbox 313 2055 403 2116; x_wconf 83' lang='lat' dir='ltr'>Aliud</span> <span class='ocrx_word' id='word_1_127' title='bbox 418 2076 433 2116; x_wconf 92' lang='lat' dir='ltr'>e</span> <span class='ocrx_word' id='word_1_128' title='bbox 446 2056 525 2115; x_wconf 87' lang='lat' dir='ltr'>silvis</span> <span class='ocrx_word' id='word_1_129' title='bbox 543 2054 730 2116; x_wconf 85' lang='lat' dir='ltr'>miraculum:</span> <span class='ocrx_word' id='word_1_130' title='bbox 743 2071 836 2116; x_wconf 87' lang='lat' dir='ltr'>totam</span> <span class='ocrx_word' id='word_1_131' title='bbox 849 2072 892 2114; x_wconf 87' lang='lat' dir='ltr'>re·</span> 
     </span>
     <span class='ocr_line' id='line_1_23' title="bbox 212 2134 890 2217; baseline -0.001 -22"><span class='ocrx_word' id='word_1_132' title='bbox 212 2137 320 2217; x_wconf 83' lang='lat' dir='ltr'>liquam</span> <span class='ocrx_word' id='word_1_133' title='bbox 347 2134 535 2198; x_wconf 87' lang='lat' dir='ltr'>Germaniam</span> <span class='ocrx_word' id='word_1_134' title='bbox 566 2135 699 2217; x_wconf 87' lang='lat' dir='ltr'>replent,</span> <span class='ocrx_word' id='word_1_135' title='bbox 726 2136 890 2217; x_wconf 86' lang='lat' dir='ltr'>adduntque</span> 
     </span>
     <span class='ocr_line' id='line_1_24' title="bbox 213 2215 891 2354; baseline -0.003 -77"><span class='ocrx_word' id='word_1_136' title='bbox 213 2215 314 2354; x_wconf 75' lang='lat' dir='ltr'>frigori</span> <span class='ocrx_word' id='word_1_137' title='bbox 330 2215 463 2276; x_wconf 87' lang='lat' dir='ltr'>umbras:</span> <span class='ocrx_word' id='word_1_138' title='bbox 480 2217 730 2278; x_wconf 85' lang='lat' dir='ltr'>altissimaetametr</span> <span class='ocrx_word' id='word_1_139' title='bbox 740 2217 818 2278; x_wconf 89' lang='lat' dir='ltr'>haud</span> <span class='ocrx_word' id='word_1_140' title='bbox 829 2235 891 2298; x_wconf 87' lang='lat' dir='ltr'>pro·</span> 
     </span>
     <span class='ocr_line' id='line_1_25' title="bbox 214 2294 893 2380; baseline 0 -22"><span class='ocrx_word' id='word_1_141' title='bbox 214 2317 250 2358; x_wconf 87' lang='lat' dir='ltr'>cu</span> <span class='ocrx_word' id='word_1_142' title='bbox 275 2294 357 2376; x_wconf 70' lang='lat' dir='ltr'>supra</span> <span class='ocrx_word' id='word_1_143' title='bbox 377 2295 456 2355; x_wconf 78' lang='lat' dir='ltr'>dislis</span> <span class='ocrx_word' id='word_1_144' title='bbox 476 2294 621 2370; x_wconf 86' lang='lat' dir='ltr'>Chaucis,</span> <span class='ocrx_word' id='word_1_145' title='bbox 642 2302 719 2360; x_wconf 88' lang='lat' dir='ltr'>circa</span> <span class='ocrx_word' id='word_1_146' title='bbox 731 2298 806 2360; x_wconf 89' lang='lat' dir='ltr'>duos</span> <span class='ocrx_word' id='word_1_147' title='bbox 820 2317 893 2380; x_wconf 61' lang='grc' dir='ltr'>με·</span> 
     </span>
     <span class='ocr_line' id='line_1_26' title="bbox 214 2375 896 2461; baseline 0 -23"><span class='ocrx_word' id='word_1_148' title='bbox 214 2377 301 2458; x_wconf 73' lang='lat' dir='ltr'>cipue</span> <span class='ocrx_word' id='word_1_149' title='bbox 320 2375 521 2436; x_wconf 76' lang='lat' dir='ltr'>lacus.·Litora</span> <span class='ocrx_word' id='word_1_150' title='bbox 535 2379 543 2435; x_wconf 89' lang='lat' dir='ltr'>i</span> <span class='ocrx_word' id='word_1_151' title='bbox 566 2375 593 2437; x_wconf 92' lang='lat' dir='ltr'>sa</span> <span class='ocrx_word' id='word_1_152' title='bbox 608 2379 740 2440; x_wconf 90' lang='lat' dir='ltr'>obtinent</span> <span class='ocrx_word' id='word_1_153' title='bbox 751 2391 896 2461; x_wconf 68' lang='lat' dir='ltr'>quercus,</span> 
     </span>
     <span class='ocr_line' id='line_1_27' title="bbox 214 2397 893 2543; baseline 0.001 -24"><span class='ocrx_word' id='word_1_154' title='bbox 214 2457 340 2519; x_wconf 69' lang='lat' dir='ltr'>maximi</span> <span class='ocrx_word' id='word_1_155' title='bbox 351 2457 488 2519; x_wconf 84' lang='lat' dir='ltr'>aviditate</span> <span class='ocrx_word' id='word_1_156' title='bbox 499 2397 633 2520; x_wconf 66' lang='lat' dir='ltr'>nasiendi</span> <span class='ocrx_word' id='word_1_157' title='bbox 641 2458 833 2543; x_wconf 82' lang='lat' dir='ltr'>:suffossaeque</span> <span class='ocrx_word' id='word_1_158' title='bbox 845 2459 893 2520; x_wconf 80' lang='lat' dir='ltr'>flu·</span> 
     </span>
     <span class='ocr_line' id='line_1_28' title="bbox 214 2537 892 2621; baseline 0.001 -21"><span class='ocrx_word' id='word_1_159' title='bbox 214 2537 322 2613; x_wconf 56' lang='lat' dir='ltr'>albus,</span> <span class='ocrx_word' id='word_1_160' title='bbox 341 2555 389 2599; x_wconf 88' lang='lat' dir='ltr'>aut</span> <span class='ocrx_word' id='word_1_161' title='bbox 412 2537 554 2621; x_wconf 83' lang='lat' dir='ltr'>propulsae</span> <span class='ocrx_word' id='word_1_162' title='bbox 566 2539 701 2613; x_wconf 84' lang='lat' dir='ltr'>flatibus,</span> <span class='ocrx_word' id='word_1_163' title='bbox 712 2539 892 2602; x_wconf 80' lang='lat' dir='ltr'>vastascotu·</span> 
     </span>
     <span class='ocr_line' id='line_1_29' title="bbox 214 2619 893 2702; baseline 0.001 -23"><span class='ocrx_word' id='word_1_164' title='bbox 214 2619 301 2702; x_wconf 82' lang='lat' dir='ltr'>plexu</span> <span class='ocrx_word' id='word_1_165' title='bbox 323 2620 450 2681; x_wconf 91' lang='lat' dir='ltr'>radicum</span> <span class='ocrx_word' id='word_1_166' title='bbox 468 2619 570 2682; x_wconf 87' lang='lat' dir='ltr'>insulas</span> <span class='ocrx_word' id='word_1_167' title='bbox 583 2619 677 2682; x_wconf 90' lang='lat' dir='ltr'>secum</span> <span class='ocrx_word' id='word_1_168' title='bbox 691 2620 840 2682; x_wconf 84' lang='lat' dir='ltr'>auserunt:</span> <span class='ocrx_word' id='word_1_169' title='bbox 856 2636 893 2681; x_wconf 88' lang='lat' dir='ltr'>at·</span> 
     </span>
     <span class='ocr_line' id='line_1_30' title="bbox 215 2697 892 2785; baseline 0.001 -26"><span class='ocrx_word' id='word_1_170' title='bbox 215 2721 273 2782; x_wconf 88' lang='lat' dir='ltr'>que</span> <span class='ocrx_word' id='word_1_171' title='bbox 284 2702 325 2760; x_wconf 88' lang='lat' dir='ltr'>ita</span> <span class='ocrx_word' id='word_1_172' title='bbox 341 2701 447 2762; x_wconf 88' lang='lat' dir='ltr'>libratae</span> <span class='ocrx_word' id='word_1_173' title='bbox 459 2697 563 2782; x_wconf 73' lang='lat' dir='ltr'>slantes</span> <span class='ocrx_word' id='word_1_174' title='bbox 574 2706 723 2785; x_wconf 85' lang='lat' dir='ltr'>navigant,</span> <span class='ocrx_word' id='word_1_175' title='bbox 735 2703 892 2784; x_wconf 87' lang='lat' dir='ltr'>ingentium</span> 
     </span>
     <span class='ocr_line' id='line_1_31' title="bbox 215 2780 892 2864; baseline 0 -25"><span class='ocrx_word' id='word_1_176' title='bbox 215 2801 361 2840; x_wconf 84' lang='lat' dir='ltr'>ramorum</span> <span class='ocrx_word' id='word_1_177' title='bbox 381 2784 583 2854; x_wconf 87' lang='lat' dir='ltr'>armamentis,</span> <span class='ocrx_word' id='word_1_178' title='bbox 602 2781 676 2864; x_wconf 84' lang='lat' dir='ltr'>saepe</span> <span class='ocrx_word' id='word_1_179' title='bbox 694 2784 798 2843; x_wconf 87' lang='lat' dir='ltr'>territis</span> <span class='ocrx_word' id='word_1_180' title='bbox 818 2780 892 2842; x_wconf 87' lang='lat' dir='ltr'>clas·</span> 
     </span>
     <span class='ocr_line' id='line_1_32' title="bbox 216 2859 892 2940; baseline 0.009 -20"><span class='ocrx_word' id='word_1_181' title='bbox 216 2859 292 2922; x_wconf 79' lang='lat' dir='ltr'>sibus</span> <span class='ocrx_word' id='word_1_182' title='bbox 309 2859 427 2940; x_wconf 83' lang='lat' dir='ltr'>nostris,</span> <span class='ocrx_word' id='word_1_183' title='bbox 445 2864 513 2926; x_wconf 80' lang='lat' dir='ltr'>clun</span> <span class='ocrx_word' id='word_1_184' title='bbox 533 2863 614 2929; x_wconf 83' lang='lat' dir='ltr'>volut</span> <span class='ocrx_word' id='word_1_185' title='bbox 634 2861 770 2930; x_wconf 77' lang='lat' dir='ltr'>mduttrit</span> <span class='ocrx_word' id='word_1_186' title='bbox 799 2859 892 2926; x_wconf 72' lang='lat' dir='ltr'>fluui-</span> 
     </span>
    </p>
   </div>
   <div class='ocr_carea' id='block_1_5' title="bbox 0 0 988 3586">
    <p class='ocr_par' dir='ltr' id='par_1_6' title="bbox 0 0 988 3586">
     <span class='ocr_line' id='line_1_33' title="bbox 0 0 988 3586; baseline 0 0"><span class='ocrx_word' id='word_1_187' title='bbox 0 0 988 3586; x_wconf 95' lang='lat' dir='ltr'> </span> 
     </span>
    </p>
   </div>
  </div>
 </body>
</html>
