1942 3586
211 275 619 370 Hrsaou.Lib.XV.
673 299 741 376 157
833 363 842 376 ,

71 391 202 458 ficatione
225 395 283 458 hoc
306 416 425 478 quoque
444 395 581 478 praestat,
600 417 636 458 ne
660 397 745 459 deci»

70 475 151 550 dant,
169 476 320 558 absumpto
341 478 463 538 humore
484 494 603 551 tenero,
621 480 653 541 δι
673 499 743 540 cum

70 557 186 637 quadam
207 557 250 618 fra
271 561 359 618 'litate
376 556 552 636 ponderoso.

103 636 176 698 Picis
185 660 235 701 mo
259 643 281 698 's
293 639 428 700 omnibus
438 637 526 699 tardus
538 637 757 701 :matutissrun

68 735 160 778 menta
176 721 270 780 intus:
287 716 387 780 succus
418 718 672 781 maturescentibus
700 719 741 782 la·

68 795 126 871 tris,
136 799 277 879 peucodis
288 799 397 860 mellis.
410 798 566 861 Senescunt
576 803 605 860 in
617 801 721 862 arbore
729 845 745 875 ,

68 879 183 962 anusque
201 879 336 942 distillant
352 883 511 963 granatarium
530 882 656 943 laarimd.
678 880 741 942 sic·

68 978 108 1019 cas
124 961 225 1027 honos,
239 961 366 1022 laudatas
387 959 482 1024 servat
493 964 522 1021 in
535 964 644 1042 capsis,
657 961 738 1024 Ebu-

67 1037 95 1100 su
110 1041 198 1104 insula
209 1040 469 1121 praestantissimas,
481 1043 742 1125 amplissimasque‚

68 1138 131 1182 mora
149 1125 178 1182 in
195 1122 381 1182 Marrucinis.
408 1122 452 1184 At
470 1121 520 1188 ubi
541 1126 625 1204 copia
647 1124 738 1185 abun·-

62 1200 130 1276 dat,
146 1203 305 1285 implentur
319 1223 396 1262 orcae
415 1205 447 1266 in
465 1202 556 1276 Asia,
567 1205 630 1264 cadi
640 1223 737 1266 autem

67 1280 93 1339 ia
106 1282 231 1364 Ruspinal
250 1283 356 1352 Africae
386 1282 474 1345 urbe:
492 1283 627 1366 panisque
654 1286 745 1346 simul

68 1362 221 1425 &obsonii
241 1367 338 1426 vicem
359 1367 473 1426 siccatae.
487 1365 629 1446 implent:
650 1385 741 1448 utpo-

68 1456 93 1502 te
109 1447 175 1514 cim
194 1445 271 1508 Cato
292 1445 396 1514 cibaria
414 1447 527 1506 ruriso
582 1444 738 1525 ariis-julla
772 1467 775 1472 ·

68 1543 116 1586 ceu
134 1527 197 1609 lege
214 1526 363 1599 sanciens,
383 1527 478 1586 minui
496 1524 525 1602 ‘ru
549 1543 595 1586 eat
612 1547 666 1608 per
690 1525 742 1588 fici

69 1611 260 1668 maturitatem.
284 1604 361 1666 Cum
373 1608 481 1667 recenti
501 1605 559 1669 fico
576 1607 660 1667 salitis
671 1610 739 1669 vice

69 1685 134 1748 casei
149 1688 241 1760 nesci,
252 1705 343 1768 nuper
353 1689 549 1770 excogitatum
557 1685 607 1748 est.
628 1685 670 1746 Ex
680 1690 743 1748 hoc·

71 1785 166 1846 genere
184 1768 262 1841 sunt,
278 1785 310 1828 ut
334 1767 478 1839 diximus,
493 1783 623 1841 cottana,
642 1769 677 1828 δι.
688 1790 739 1829 ca.-

70 1849 143 1922 ricae,
157 1870 281 1933 quaeque¹
298 1847 502 1909 conscendenti
526 1850 623 1906 navim
636 1847 739 1909 adver-

72 1930 111 1988 airs
130 1929 244 1992 Parthos
263 1950 352 1991 omen
371 1927 468 1990 fecere
486 1926 535 1994 M,
549 1925 666 2000 Crasso,
688 1949 743 1990 ve·

19 2083 20 2092 ἵ
72 2010 140 2070 nales
157 2012 339 2092 praedicantis
356 2029 433 2072 voce
446 2053 457 2080 ,
471 2029 612 2070 cavnaeae,
628 2007 742 2072 Omnia

71 2085 123 2150 hec
138 2095 165 2168 in
179 2090 307 2153 Albense
328 2111 375 2150 tus
396 2111 411 2151 e
427 2088 513 2170 Syria
531 2090 625 2152 intulit
637 2089 670 2152 L.
685 2089 739 2152 Vi·

72 2171 169 2249 tellius,
185 2175 236 2256 qui
253 2170 359 2254 postea
378 2170 477 2232 censor
495 2169 563 2245 suit,
579 2191 645 2233 cum
657 2173 738 2314 lepa-

72 2265 109 2311 tus
123 2257 150 2314 in
171 2256 206 2316 ed
222 2250 373 2334 provincii
393 2249 480 2326 ellet,
501 2255 671 2316 novissimis·

72 2329 135 2393 herii
154 2333 275 2396 Caesaris
285 2333 475 2413 temporibus.
668 2343 671 2350 ’

103 2413 193 2480 XXlI.
214 2436 261 2478 aa.
286 2413 432 2474 Malorum
448 2417 635 2496 pirorumque
646 2435 742 2496 gene·

72 2494 94 2552 ri
109 2497 328 2558 adnumeremus
346 2493 406 2573 juce
428 2494 547 2574 mespila
575 2511 659 2574 atque
681 2493 743 2554 sor·

72 2573 109 2636 ha.
125 2576 254 2658 Mespifis
275 2578 334 2636 tria
352 2595 473 2658 genera,
484 2573 649 2642 anthedon,
664 2571 740 2632 seta·

71 2656 123 2718 nia:
139 2661 253 2720 tertium
270 2656 307 2717 de
328 2672 444 2729 enerat,
465 2652 622 2715 anthedoni
639 2669 740 2714 tamen

72 2736 193 2811 similius,
207 2738 288 2820 quod
307 2677 453 2798 dallicurn
473 2750 589 2798 vocant.
615 2730 743 2794 Setaniae

712 2256 741 2315 i.

72 2815 151 2898 majus
163 2816 592 2902 pomumcandidiusque.,‚acitli
603 2811 742 2880 molliora
