1934 3592
197 323 625 398 Hieron.Lib.XV1.
679 347 745 422 233

73 443 138 506 'cisae
153 467 274 529 quoque
293 446 328 508 ad
347 445 503 508 medullam
519 446 604 527 aliqui
619 465 678 508 non
690 447 751 505 inu-

73 527 154 588 tiliter
170 527 355 609 relinquunt,
374 544 406 587 ut
426 530 522 588 omnis
544 527 648 587 humor
676 523 751 586 stan-

73 607 143 668 tibus
159 607 281 669 defluat.
308 607 417 668 Mirum
437 607 513 689 apud
535 609 667 690 antiquos
693 608 751 688 pri·

72 708 117 748 mo
137 685 249 752 Punico
270 689 350 764 hello
367 687 480 768 ciaiiem
499 687 602 749 Duillii
624 692 751 768 impera·

72 770 136 829 toris
150 771 187 830 ab
208 771 314 836 arbore
342 771 437 830 excisi
457 787 509 830 Lx.
530 769 579 830 die
597 765 751 850 navigaffe·

73 846 180 910 Contra
198 853 275 917 vero
295 849 457 910 Hieronem
479 870 579 932 regem
597 866 696 910 ccxx.
706 869 752 908 nar

70 949 120 990 ves
133 929 252 992 effeiias
265 932 366 992 diebus
377 949 454 992 xiv.
472 932 559 992 tradit
569 930 602 992 L.
613 928 686 990 Piso.
698 927 752 990 Se·

73 1011 163 1073 tundo
195 1009 753 1094 noquePunicobello,Scipionisclao

72 1092 105 1150 sis
113 1109 165 1153 xo.
174 1035 225 1153 ite
237 1115 253 1152 a
263 1091 353 1154 securi
365 1095 518 1175 navigavit.
531 1091 659 1152 Tantitm
674 1112 753 1164 tem?

70 1170 213 1248 pestivitas
227 1177 314 1234 etiam
329 1175 360 1232 in
378 1173 476 1254 rapide
488 1175 633 1234 celeritate
648 1173 752 1254 pollet.

106 1251 233 1316 LXXV.
253 1253 329 1315 Cato
347 1253 498 1316 hominum
512 1253 637 1314 sommus
649 1255 678 1314 in
690 1275 753 1326 om·

72 1335 100 1394 ni
118 1332 186 1406 usu,
209 1335 249 1398 de
269 1338 396 1396 materiis
409 1335 470 1396 haec
487 1333 592 1416 adjicit.
607 1357 625 1390 ιι
637 1333 752 1397 Prelum

72 1434 117 1478 ne
142 1419 266 1500 carpino
290 1415 350 1476 atri
377 1419 559 1500 potissimirm
579 1415 688 1478 facito:
709 1417 753 1476 ul·

73 1518 89 1552 n
101 1516 195 1558 meam
214 1542 227 1570 ,
252 1499 391 1578 pineam,
415 1518 554 1569 noceam,
572 1498 644 1557 hanc
663 1513 751 1577 atque

76 1600 92 1633 n
106 1576 186 1638 eiiam
211 1579 362 1640 materiam
380 1599 499 1639 omnem
517 1581 585 1638 oiim
609 1574 751 1650 effodies,

74 1655 183 1718 „Luni
216 1657 402 1719 decrescente
429 1662 549 1720 eximito
579 1655 643 1740 post
664 1659 754 1718 meri·

76 1737 205 1814 ndiem‚
228 1742 290 1800 sine
320 1757 411 1800 vento
442 1737 560 1800 Austro.
589 1737 675 1798 Tunc
700 1738 754 1800 erit

75 1841 92 1874 rr
106 1817 300 1906 tempestiva,
312 1821 379 1880 cirm
397 1817 494 1880 semen
506 1818 587 1879 suum
607 1835 751 1879 maturum

77 1903 170 1963 uerit.
194 1897 309 1964 Caveto
332 1921 368 1962 ue
390 1921 426 1960 ne
448 1921 501 1981 per
522 1919 618 1960 rorem
636 1898 753 1974 trahas,

78 1997 159 2052 naut
173 1979 256 2042 doles
267 2007 297 2042 n.
311 1922 459 2061 idemque
474 2001 563 2040 mox:
589 2004 607 2036 ιι
625 1977 690 2040 Nisi
706 1983 753 2040 in-

78 2060 267 2134 ntermestri,
285 2061 366 2122 Luni
388 2081 424 2121 ue
450 2060 615 2136 dimidiata,
632 2081 670 2124 ne
689 2077 752 2122 tan-

78 2161 155 2224 ngas
172 2145 335 2204 materiem.
388 2161 438 2200 um
465 2139 584 2202 effodias
609 2159 658 2204 aut
678 2163 753 2224 pra·¹

79 2223 183 2284 incidas
205 2223 256 2283 abs
275 2223 363 2283 terrai.
386 2221 500 2284 Diebus
517 2221 628 2304 septem
649 2227 752 2307 proxi-3

80 2325 97 2357 n
110 2307 182 2378 mis,
200 2304 303 2386 quibus
319 2303 400 2364 Luna
417 2304 502 2384 plena
523 2304 609 2366 fuerit
619 2349 629 2379 ,
639 2307 752 2386 optime

79 2404 96 2438 n
110 2387 251 2447 eximitur,
271 2382 404 2445 Omnino
426 2402 530 2446 caveto
545 2407 581 2446 ne
596 2406 682 2466 quam
692 2406 754 2459 mag

79 2485 96 2518 n
111 2468 215 2528 teriam
244 2465 346 2536 doles,
363 2486 439 2528 neve
464 2465 576 2535 caedas,
594 2485 670 2524 neve
691 2481 754 2524 tam

79 2566 97 2600 t>
109 2565 175 2628 gas,
195 2545 250 2606 nisi
267 2548 371 2606 siccam
392 2567 399 2604 :
416 2565 494 2605 neve
519 2543 662 2624 gelidam,
676 2563 754 2608 neve

79 2626 286 2694 »rorulentam
297 2651 330 2688 n.
353 2624 490 2685 Tiberius
509 2623 588 2683 idem
609 2622 689 2684 &in
707 2643 755 2683 ca.-

80 2707 147 2786 pillo
155 2706 305 2770 tondendo
319 2705 443 2767 servavit
452 2705 611 2766 interlunia.
623 2701 668 2762 M.
681 2701 755 2780 Vara

79 2805 112 2845 ro
130 2787 266 2852 adversio
294 2786 421 2850 defluvia
440 2787 578 2870 praecepit
597 2781 756 2862 obserttattr⁵
775 2787 781 2794 “

80 2866 147 2960 tium
165 2869 195 2931 id
215 2891 232 2931 a
250 2866 428 2956 pleniluniin
