1934 3592
214 319 428 392 nrsror..
450 318 522 391 ub.
548 297 644 392 xvr.
703 339 796 416 245-

93 439 156 521 plus
168 443 303 512 reniret,¹
321 439 491 522 excogitata
507 436 570 498 sunt
582 439 614 499 dt
626 436 693 518 ligni
709 436 775 496 bra·
793 507 797 520 Ι

95 520 170 581 dleae.
190 521 257 582 Nec
277 519 361 581 satis:
378 540 495 601 eoepere
505 520 596 600 tingui
608 516 771 578 animalium

94 621 216 674 cornua,
234 601 337 663 dentes
357 598 469 666 secati:
494 599 661 681 lignumque
681 597 774 670 ebore
792 605 795 612 '

94 680 240 764 distingui,
255 701 327 742 mox
343 681 459 762 operiris
470 679 580 740 Placuit
590 677 696 738 deinde
712 697 776 738 mu·
791 743 794 750 ,

94 763 193 822 teriam
214 763 248 823 δι
265 763 296 820 in
316 763 387 821 mari
407 763 505 841 quaeri.
524 757 656 820 Testudo
668 760 697 816 in
714 757 775 819 hoc

94 838 174 903 secla.
192 841 355 923 Nuperque
376 843 553 922 portentosis
566 840 687 922 ingeniis
696 837 796 920 prin-'

94 919 185 1002 ripato
215 921 344 982 Neronis
366 924 537 994 inventum,
561 937 593 982 ut
614 919 775 1002 pigmentis

96 1001 227 1080 perderet
242 1000 286 1074 se,
326 1000 449 1084 lurisque
472 1004 586 1062 veniret
606 1001 715 1062 imitata
738 999 773 1057 li-

113 1103 188 1143 nunt.
202 1080 250 1143 Sic
263 1023 343 1144 letlis
353 1085 445 1162 pretia
452 1099 615 1163 quaeruntur
625 1102 634 1140 :
643 1082 684 1141 sic
697 1097 773 1140 tere·

9 1227 13 1240 ,
93 1101 224 1222 linthum
242 1165 321 1223 vinci
342 1157 462 1240 jubent,
480 1163 519 1220 sic
536 1163 637 1220 citrum
684 1161 773 1220 retio-
824 1199 827 1206 ·

94 1244 148 1302 sius
166 1241 251 1313 fieri,
273 1245 313 1303 sic
331 1263 396 1303 acer
417 1241 523 1319 decipi.
543 1240 638 1302 Modo
662 1181 792 1314 luxuria,

94 1319 151 1408 non
180 1321 275 1384 fuerat
303 1339 442 1384 contenta
471 1321 570 1404 ligno:
588 1319 646 1402 jam
663 1317 792 1404 lignun

66 1437 69 1444 =
93 1405 168 1464 enirn
189 1423 206 1463 e
224 1401 367 1464 testudine
386 1401 464 1464 facit.

130 1481 281 1545 LXXXV.
304 1503 353 1559 44.
369 1480 439 1543 Vita
461 1481 600 1544 arborum
630 1493 769 1562 quarunt·¹

93 1561 158 1625 dam
177 1561 315 1624 immensa
338 1562 418 1624 credi
439 1561 553 1644 potest,
574 1565 598 1622 si
618 1563 681 1644 quis
704 1583 772 1643 pro·

94 1639 178 1704 funda
199 1643 299 1705 mundi
319 1643 351 1704 ὃ(
371 1641 456 1704 saltus
473 1641 628 1704 inaccessos
650 1643 772 1724 cogitet.

95 1719 203 1785 Verirrn
224 1745 261 1784 ex
277 1725 322 1783 his
349 1744 418 1802 quas
447 1725 588 1790 memoria
620 1722 772 1782 hominum

94 1803 228 1880 custodit,
243 1803 345 1864 durant
353 1805 382 1864 in
392 1803 538 1864 Liternino
552 1800 679 1862 Africani
696 1807 772 1881 prio·

95 1884 130 1945 ris
150 1904 236 1944 mauu
256 1883 322 1944 satae
335 1883 433 1945 oliv'ae.
452 1881 528 1942 ltern
541 1898 653 1962 myrtus
664 1883 771 1944 eodem

94 1963 159 2026 luco
178 1962 343 2045 conspicuae
354 1963 568 2045 magnitudinis.
587 1959 690 2024 Subest
702 1961 789 2042 spe·'

95 2063 158 2116 cus,
178 2047 207 2104 in
246 2065 284 2106 uo
312 2063 411 2104 rnanes
432 2040 494 2119 ejus
517 2040 660 2106 custodire
683 2043 772 2104 draco

97 2124 220 2186 traditur.
261 2145 336 2186 omae
348 2123 420 2186 verb
430 2122 507 2182 lotos
518 2125 547 2190 in
559 2121 672 2184 Lucinae
682 2125 768 2197 ared,

95 2225 165 2266 anno
186 2207 236 2288 qui
246 2204 365 2266 fuitsine
375 2201 582 2286 magistratibus
595 2223 768 2272 cccuxtux.

95 2282 195 2358 Urbis,
211 2283 431 2360 aedeconditi,
443 2287 584 2350 incertum
605 2280 670 2366 ipla'
682 2308 768 2369 quan·
784 2357 786 2362 ,

95 2364 125 2424 tlt
138 2366 286 2428 vetustior.
296 2363 360 2426 Esse
377 2365 494 2448 quidem
505 2364 696 2428 vetustiorem
707 2387 767 2428 non

78 2442 134 2505 ·est
152 2446 289 2518 dubium,
309 2446 375 2506 cunr
392 2447 481 2506 abeo
498 2447 565 2506 luco
591 2445 698 2516 Lucina
717 2467 768 2505 no·

95 2527 229 2588 minetur:
241 2527 302 2586 haec
319 2547 394 2592 nunc
405 2527 518 2586 circiter
532 2545 638 2584 annum
655 2541 768 2586 cccct.
816 2537 820 2544 ⁴

95 2603 183 2668 habet
207 2606 363 2688 Antiquior
383 2605 432 2666 illa
450 2603 512 2677 est,
527 2603 575 2666 sed
587 2605 695 2662 incerta
705 2603 767 2678 eius

95 2703 175 2759 aetas,
194 2709 257 2769 quae
275 2687 405 2767 capillata
421 2685 524 2744 dicitur
535 2729 545 2757 ‚
558 2685 694 2766 quoniam
703 2684 767 2742 Vez

95 2763 199 2828 stallum
215 2769 357 2848 virginum
367 2766 487 2846 capillus
501 2765 536 2824 ad
550 2784 614 2824 eant
627 2763 764 2828 defertur.

132 2845 294 2938 LXXXVI.
319 2845 432 2908 Verum
452 2847 539 2908 altera
558 2843 786 2988 wilfi-“Vll‘i

615 2947 643 3006 111
