2012 3588
247 293 445 399 Hieron.
469 293 542 366 Lib.
566 291 661 367 XIII.
709 313 757 387 45

107 410 321 488 eruntfruticum,
332 413 368 476 ad
376 411 501 496 praesens
515 413 679 474 nominibus
694 430 756 475 tan·

108 495 159 553 tim
171 495 372 558 indicabuntur:
386 490 485 556 natura
501 496 576 558 verb
588 511 690 557 eorum
700 492 757 557 suis

111 573 219 635 reddetur
237 575 319 637 locis.
597 603 598 608 ¹

140 651 168 714 ll
190 656 232 718 Un
252 660 344 719 uentis
371 655 549 739 cognomina
570 653 679 717 dedere
699 655 760 717 aliis

136 736 201 810 trite,
213 677 273 798 adis
290 735 388 812 succi,
400 739 461 798 aliis
471 737 606 810 arbores,
618 737 682 797 aliis
692 754 759 798 cau·

113 835 140 874 aa
157 815 329 902 Primumque
347 819 378 880 id
395 817 465 879 scire
484 820 643 893 convenit,
661 827 759 878 muta'·

102 897 417 974 aucthoritatem&
436 899 537 979 saepius
553 896 682 960 transisse
717 899 760 960 lo·
832 937 848 948 -

102 976 167 1037 riam.
177 978 412 1042 Lauhfissimum
423 977 482 1041 suit¹
489 981 645 1062 antiquitus
656 981 685 1039 in
728 999 759 1042 e·

102 1053 126 1115 lo
140 1057 234 1124 insuli:
249 1056 351 1146 postea
369 1061 564 1123 Mendesium.
579 1059 642 1121 Nec
653 1061 760 1122 mixtu·

101 1136 167 1199 td&
186 1145 397 1226 compositione
423 1143 536 1203 tanthm
555 1141 612 1202 hoc
633 1141 758 1204 accidire

100 1214 142 1278 sed
148 1219 227 1285 iidem
235 1221 309 1285 succi
320 1223 401 1287 varie
409 1222 476 1285 alibi
485 1223 536 1283 ad'
551 1219 668 1282 uaelibet
681 1241 760 1303 prae·

101 1299 215 1379 valuere,
227 1323 276 1366 aur
289 1306 326 1367 de
348 1323 515 1367 oneravere.
532 1243 644 1364 deinum
656 1299 761 1364 Corin·

100 1377 135 1472 tli
155 1381 202 1444 diu
219 1325 347 1447 maxim}
363 1385 494 1469 placuit,
512 1381 613 1466 postea
635 1379 759 1464 Cyzici:

101 1461 173 1521 emili
184 1466 271 1527 modo
285 1466 442 1529 rhodinum
459 1464 584 1528 Phaseli:
624 1483 690 1524 uam
699 1464 759 1548 glo·

101 1540 304 1610 riamabstulere
317 1547 381 1609 Nea
403 1547 471 1618 olis,
481 1485 762 1642 Capua‚d¹reeneste.

100 1617 240 1690 Crocinum
248 1630 277 1690 in
288 1627 365 1691 Solis
380 1567 492 1690 giliciae
505 1629 555 1688 dtu
567 1626 693 1686 maxime
704 1627 763 1686 lau·

101 1700 198 1780 datum,
209 1729 275 1772 mox
291 1709 402 1772 Rhodi.
422 1705 642 1770 oenanthinum
653 1707 682 1766 in
696 1704 761 1788 Cy·

102 1801 159 1861 pro,
175 1789 269 1872 postea
286 1790 497 1872 Adramytteo.
513 1788 719 1849 Amaracinum
731 1789 762 1848 in

102 1859 171 1956 §not
181 1871 276 1954 postea
286 1872 396 1935 eodem
406 1871 474 1932 loco
489 1867 639 1954 praelatum
651 1865 692 1928 est
702 1886 763 1928 me·
894 1886 899 1894 ’

104 1939 183 2013 hrum,
206 1951 372 2037 Cyprinum
397 1953 427 2012 in
452 1949 581 2032 Cypro,
605 1947 710 2010 deinde
730 1950 762 2011 in

107 2021 233 2113 AEgypto,
253 2037 307 2097 ubi
330 2033 517 2095 Mendesium
538 2032 570 2093 &
589 2029 759 2171 Metopiurn

108 2100 181 2198 subiti
194 2119 298 2198 gratius
311 2113 417 2176 fadum
437 2110 488 2174 est.
508 2111 584 2174 Mox
598 2111 685 2173 haeca
706 2108 764 2172 stu·

110 2181 134 2245 11¹
148 2189 290 2271 Phoenice,
310 2197 344 2258 dc
361 2195 478 2276 cyprini
496 2193 611 2255 landem
628 2193 765 2276 AEgypto

114 2266 206 2353 reliquit
221 2276 453 2340 Panathenaicon
470 2273 550 2336 suum
560 2271 685 2335 Athenae
697 2283 767 2355 peti

117 2341 244 2436 deierantes
261 2359 423 2422 obtinuere.
438 2354 542 2417 Fuerat
555 2357 588 2418 dt
600 2353 764 2415 Pardalium

117 2443 139 2484 ¹¹
149 2427 237 2503 Tarso:
257 2437 340 2520 cujus
356 2440 444 2499 etiam
453 2435 631 2518 compositio
647 2435 680 2496 dt
693 2433 766 2493 mix·

113 2519 161 2572 ωτι
171 2517 316 2583 obliterata
330 2517 591 2580 est.-Narcissinum
599 2531 717 2596 quoque
728 2529 766 2574 ex

112 2584 167 2655 ¹0¹0
179 2600 295 2664 narciffo
314 2600 400 2660 desiit
416 2596 564 2678 componi.

142 2671 215 2742 Retio
233 2681 356 2744 faciendi
376 2679 505 2760 duplex:
520 2674 639 2748 succus,
655 2672 688 2736 δι
698 2683 766 2734 cord

110 2767 159 2827 pur.
172 2755 221 2822 llle
241 2763 301 2824 olei
319 2761 471 2845 generibus
491 2756 553 2819 fere
570 2753 765 2829 constar‚hoc

110 2831 224 2906 odorum.
249 2841 321 2913 Hac
337 2840 626 2924 stymmatavocant,
645 2837 694 2902 ills
711 2837 767 2905 hes
