1934 3592
226 311 293 384 188
345 313 380 382 C.
407 311 780 383 PzrnrrNArun.
862 313 865 320 ’
949 403 950 414 2

221 431 424 494 liburnicarum
435 431 473 492 ad
490 429 576 505 usus,
598 451 681 514 paene
698 434 758 491 sine
775 428 878 491 resinis.

220 537 224 546 ·
261 511 374 574 XVIII.
391 512 475 574 Pitea
496 529 611 574 montes
630 527 725 585 amat,
746 529 835 594 atque
850 509 896 570 fri·

219 613 294 734 pora
308 616 315 654 :
329 591 422 654 feralis
439 593 537 664 arbor,
552 595 584 656 δι
601 591 714 654 funebri
733 592 843 654 indicio
862 589 896 652 ad

235 695 300 736 ores
319 677 429 756 posita,
449 676 571 757 acrogis
587 676 707 734 virens:
723 670 783 752 jam
805 688 896 733 tamen
950 671 951 682 ’

218 757 255 819 &
264 758 292 816 in
303 756 408 817 domos
418 773 535 836 recepta
543 801 552 827 ,
561 754 660 815 tonsili
669 753 817 814 facilitate.
830 752 897 812 Haec

220 835 375 919 plurimam
403 838 528 895 resinam
551 834 666 908 fundit,
690 835 896 896 interveniente

219 917 343 978 candidi
390 917 513 987 emma,
534 933 593 976 tam
625 915 710 975 simili
737 914 848 984 thuris,
869 927 897 972 ut

220 999 313 1058 mixta
332 935 396 1058 vida
417 995 539 1058 discerni
549 1017 610 1057 non
622 1012 727 1079 queat:
738 995 818 1056 unde
828 993 897 1055 fraus

219 1075 366 1158 Seplasiae.

263 1155 410 1220 Omnibus
430 1157 475 1219 his
494 1157 647 1241 generibus
667 1154 738 1218 solia
756 1156 842 1220 brevi
858 1153 897 1216 se·

219 1236 250 1298 tir
268 1239 301 1300 ὃ(
321 1241 478 1313 crassiore,
498 1240 647 1322 durique,
666 1258 720 1298 ceu
747 1239 897 1320 cupressis.
952 1239 953 1254 ³

220 1318 314 1383 Piceae
334 1323 405 1380 rami
424 1341 508 1401 paene
529 1317 622 1380 statim
635 1319 671 1379 ab
685 1319 783 1380 radice
807 1318 898 1380 modi·

223 1401 267 1473 ti,
285 1401 369 1461 velut
387 1402 524 1472 brachia,
538 1400 674 1460 lateribus
693 1400 844 1462 inhaerenr.
858 1395 898 1459 si·

220 1480 328 1542 militer
346 1481 449 1552 abieti,
474 1484 607 1562 expetite
623 1482 754 1562 navigiis.
776 1479 852 1542 Situs
871 1481 897 1538 in

219 1560 336 1627 excelso
362 1564 524 1634 montium,
539 1582 593 1622 ceu
607 1559 820 1643 mariafugeret
830 1583 837 1624 ι
847 1579 896 1620 uec

212 1640 316 1716 ,forma
331 1642 393 1704 alia.
412 1641 553 1703 Materies
577 1644 650 1702 vero
672 1644 820 1724 praecipua
846 1657 898 1701 tra·

218 1723 325 1796 bibus,
345 1725 377 1785 &
395 1720 524 1805 plurimis
546 1723 613 1782 vitae
630 1722 778 1803 operibus.
795 1723 898 1784 'Resina

224 1806 252 1866 ei
269 1806 372 1866 vitium
376 1849 392 1879 ³
411 1803 487 1864 unde
508 1801 613 1864 studius
633 1823 705 1862 unus
722 1805 831 1884 picea:
844 1803 898 1863 exi-

221 1905 369 2027 §numque
388 1883 469 1944 sudat
484 1883 639 1966 aliquando
660 1883 792 1944 contadiu
813 1881 895 1944 Solis.

266 1965 382 2027 diverso
399 1967 552 2038 materies,
572 1985 636 2047 quae
658 1965 745 2025 abieti
768 1965 898 2046 pulcher·

220 2047 293 2106 rima
302 2049 392 2128 piceae
401 2047 437 2107 ad
446 2045 548 2107 fissiles
561 2043 724 2121 scandulas,
736 2044 897 2128 cupasque,

221 2127 257 2190 &
274 2147 363 2206 pauca
382 2127 436 2187 alia
450 2127 619 2188 secamenta.

262 2207 345 2267 XIX.
361 2203 478 2285 Quinto
490 2209 588 2290 generi
598 2209 668 2268 situs
682 2206 780 2278 idem,
797 2207 898 2269 eadem

220 2285 324 2348 facies:
342 2287 412 2346 larix
426 2305 558 2348 vocatur.
576 2287 713 2348 Materies
725 2287 897 2369 praestantior

221 2367 329 2450 longe,
344 2368 510 2450 incorrupta
517 2371 578 2440 vis,
589 2372 665 2429 mori
674 2386 845 2430 contumax:
859 2388 897 2429 ru·

220 2450 294 2510 bens
309 2465 466 2530 praeterea,
487 2451 520 2512 δι
544 2449 637 2510 odore
657 2452 759 2512 acrior.
784 2449 898 2511 Pluscu-

221 2531 283 2592 lum
300 2531 366 2590 huic
380 2532 504 2610 erumpit
517 2529 653 2612 liquoris,
665 2530 772 2592 melleo
783 2531 896 2603 colore,

221 2628 250 2672 at
272 2631 307 2671 ue
329 2612 466 2685 lentiore,
482 2631 638 2693 numquam
659 2609 843 2673 durescentis.

284 2709 382 2752 extum
401 2712 490 2772 genus
511 2690 554 2752 est
574 2693 643 2752 teda
663 2693 781 2774 proprie
806 2690 896 2765 dtur,

222 2771 413 2834 abundantior
436 2769 520 2832 succo
540 2771 628 2853 quim
645 2772 776 2854 reliqua,
808 2773 896 2833 arcio·

221 2870 253 2914 te
272 2851 481 2940 liquidioreque
498 2851 584 2934 quim
603 2854 633 2913 in
653 2853 755 2936 piceis
797 2852 896 2918 ammis
