1954 3594
708 293 748 330 a.

168 323 383 399 Hrtro'n.
407 323 481 399 Lib.
501 319 631 400 XVIII.
683 325 755 425 383⁴

53 467 134 530 quae
160 465 281 508 vocatur
298 467 416 508 ctacca:
435 449 587 508 intantum
605 447 752 508 columbis
803 465 807 474 ·

80 545 168 598 rata,
187 545 220 588 ut
236 526 328 612 pastas
349 529 384 590 eb
401 536 513 611 'negent
531 527 665 610 fugitivas
677 528 752 590 illius

55 551 125 671 soci
146 606 220 671 fieri.
639 658 642 664 .

103 687 206 750 XLII.
232 687 260 750 A
284 689 324 750 ud
348 690 481 771 antiquos
500 705 560 750 erat
580 687 678 772 pabuli
704 709 753 772 ge·

56 791 138 840 nus,
155 770 237 852 quod
254 711 331 831 gato
353 773 475 839 ¹ocinum
495 787 605 844 vocat,
629 791 689 852 quo
716 774 754 832 si·

58 849 183 910 slebant
204 851 302 910 alvum
330 851 434 912 bubus.
460 849 495 912 Id
515 867 607 912 erate
627 852 770 932 pabulis,¹

59 930 166 1014 segete
183 931 269 992 viridi
288 930 401 993 defesis
412 977 423 1006 ‚
451 949 604 1013 antequam
633 932 755 1014 gelaret.

58 1009 142 1072 Sura
166 1011 315 1082 Mamilius
332 1013 414 1073 aliter
426 1013 457 1088 id
476 1015 699 1094 interpretatur,
722 1015 760 1086 &¹

60 1093 158 1153 tradit
180 1091 253 1152 sabae
267 1093 381 1155 modios
403 1093 527 1169 decern,
548 1095 632 1155 viciae
658 1093 731 1156 duos
742 1138 754 1168 ‚

59 1173 251 1234 tantumdem
264 1174 372 1236 erviliae
388 1175 417 1233 in
429 1173 531 1256 jugero
552 1191 690 1234 autumno
699 1177 755 1234 mi·

61 1252 140 1315 sceri
161 1256 194 1316 δι
211 1253 264 1316 seri
282 1253 511 1316 solitos.Melii1s
524 1255 556 1316 dt
567 1255 659 1317 avenai
670 1253 754 1316 Grae·

60 1335 119 1407 cd,
144 1337 193 1396 cui
207 1356 267 1396 non
288 1336 364 1396 cadit
390 1332 504 1408 semen,
523 1335 660 1397 admixti.
686 1335 754 1398 Hoc

62 1417 233 1477 vocitatum
257 1420 394 1488 ocinum,
419 1417 568 1499 boumque
598 1417 683 1478 causti
702 1416 756 1478 seri

63 1495 201 1558 solitum.
216 1497 311 1558 Varro
321 1495 496 1580 appellatum
505 1521 522 1558 a
532 1497 678 1558 celeritate
687 1519 757 1580 pro-

27 1585 30 1593 '
64 1578 234 1656 veniendi,
254 1599 271 1638 e
289 1577 396 1640 Graeco
417 1580 498 1660 quod
516 1575 617 1644 ὠκέως
642 1579 754 1640 dicunt.

108 1657 223 1721 XLIII.
250 1659 368 1720 Medica
387 1679 506 1722 externa
524 1663 609 1720 etiam
633 1658 756 1722 Graeciae

67 1737 128 1813 est,
140 1758 208 1801 uta
227 1739 324 1801 Medis
350 1739 469 1801 advesla
491 1761 543 1822 pet
562 1739 638 1800 bella
657 1739 756 1801 Persa·

68 1841 135 1880 rum
144 1866 157 1894 ‚
176 1841 241 1903 quae
260 1819 366 1882 Darius
379 1823 473 1882 intulit
489 1845 496 1884 :
512 1821 562 1882 sed
579 1823 628 1881 vel
648 1821 679 1880 in
697 1823 757 1904 pri·

70 1903 127 1962 mis
151 1902 289 1972 dicenda,
308 1918 386 1962 tanta
403 1903 456 1964 dos
475 1895 537 1982 eius
556 1900 614 1961 est:
634 1903 701 1961 cbm
720 1922 756 1962 ex

70 2001 133 2044 uno
153 1981 212 2043 satu
227 1983 348 2065 amplius
367 1983 454 2063 quim
473 1984 589 2043 tricenis
611 1983 690 2042 annis
701 1982 759 2042 dun

72 2080 128 2124 ret.
161 2061 266 2124 Similis
287 2061 328 2124 est
347 2061 483 2138 trifolio:
506 2063 607 2134 caule,
625 2061 757 2145 foliisque

73 2144 250 2282 geniculata:
267 2144 407 2227 quidquid
417 2146 447 2204 in
464 2144 545 2204 caule
556 2141 697 2227 adsurgit,
711 2143 758 2206 so·

87 2227 114 2284 ia
137 2226 352 2286 contrahuntur.
379 2225 479 2286 Unum
494 2225 531 2286 de
549 2225 583 2286 ei
609 2225 757 2308 &cytiso

74 2305 218 2368 volumen
229 2305 440 2388 Amphilochus
450 2303 518 2367 fecit
529 2305 689 2370 confusum.
701 2306 756 2369 So-

74 2383 156 2461 lum,
174 2389 203 2447 in
223 2409 281 2470 quo
308 2386 434 2461 seratur,
454 2387 628 2468 elapidatum
655 2409 760 2470 purga·

76 2484 199 2550 tumque
211 2467 346 2552 subigitur
366 2485 527 2544 autumno:
546 2489 617 2527 mox
627 2486 759 2543 aratum,

76 2547 110 2608 &
126 2566 260 2610 occatum
277 2550 413 2630 integitur
429 2563 506 2608 crate
525 2549 630 2608 iterum
647 2569 679 2606 ac
695 2563 759 2612 terq

75 2629 166 2705 tibm,
185 2634 278 2714 quinis
304 2630 407 2691 diebus
427 2627 625 2708 interpositis,
640 2629 673 2690 δι
687 2625 759 2690 fimo

76 2709 190 2774 addito.
204 2710 298 2772 Poscit
308 2727 404 2772 autern
417 2712 526 2770 siccum
537 2705 759 2790 succosumque5

78 2791 130 2851 vel
151 2795 274 2874 riguum.
294 2789 338 2852 lta
355 2806 514 2935 praeparato
534 2787 634 2850 seritur
660 2785 759 2849 mense

77 2867 413 2956 Maio:alibspru1niso
436 2873 531 2937 noxia.
543 2867 628 2953 Opus
639 2867 759 2933 eliden-
836 2951 839 2957 Ι
863 2863 866 2873 ’
