1932 3588
180 277 250 354 30²
300 253 792 326 annuntiavit.

179 395 260 440 catur
282 376 369 436 etiam
390 395 477 435 nunc.
497 370 599 436 Postea
621 375 710 436 avelli
729 391 801 436 eum
819 371 872 448 ,sna

179 457 258 518 calce
286 473 398 538 coeptus
422 454 480 528 est,
500 473 533 516 ut
551 457 581 514 in
603 453 684 518 fico:
702 477 808 548 neque
827 454 870 526 est
959 491 960 500 ι

177 537 255 598 aliud
286 538 427 600 vivacius.
449 533 586 614 Tertium
605 557 698 620 genus
717 535 873 619 edredum

179 622 338 680 etiamnum
360 617 522 700 expeditius
536 619 598 679 sine
619 620 721 694 calce,
744 635 875 702 propter

179 701 263 783 quod
281 700 388 783 sagitta
407 716 566 774 vocantur,
592 701 658 760 cirtn
674 701 781 762 intorti
802 719 874 782 pan·

180 799 304 863 guntur:
317 780 410 842 iidem
426 783 493 842 cirm
509 782 595 844 recisi
612 801 666 842 nec
684 781 793 844 intorti
804 780 874 852 ,tri-

180 882 323 1003 femme&
342 860 442 922 Plures
463 879 561 936 autem
587 881 623 922 ex
639 862 752 936 eodem
774 861 874 924 surcu-

193 964 212 1002 ο
229 943 286 1004 hoc
306 941 398 1004 modo
423 940 506 1003 fiunt.
525 941 627 1003 Serere
648 945 874 1024 epampinariir
961 1012 962 1022 χ

180 1022 277 1094 sterile
295 1022 354 1096 est,
370 1043 424 1084 nec
441 1026 496 1084 nisi
506 1021 632 1085 fecundo
644 1042 780 1108 oportet.
792 1023 874 1103 Qua
959 1097 960 1106 χ

180 1125 260 1166 raros
269 1105 356 1166 habet
366 1103 642 1176 nodos,infecunda
657 1103 819 1184 iudicauit.
830 1103 873 1169 At
959 1121 960 1125 ’

179 1183 306 1246 densitas
331 1205 534 1268 gemmarum,
552 1185 706 1260 fertilitatis
726 1185 873 1248 indicium

181 1263 233 1328 est.
251 1265 383 1346 Quidam
399 1265 454 1328 seri
468 1286 588 1343 vetant,
598 1269 650 1330 nisi
669 1289 723 1328 eos
744 1271 801 1352 qui
816 1267 874 1328 flo-

181 1349 312 1425 ruerint,
331 1346 468 1409 surculos.
491 1348 612 1432 Sagittae
645 1346 742 1411 serere
773 1350 873 1410 miuiu

183 1428 267 1503 utile,
278 1433 415 1512 quoniam
433 1432 462 1490 in
480 1429 680 1492 transferendo
694 1429 785 1500 facilia
798 1449 874 1492 rutra

182 1510 260 1592 pitur
276 1511 357 1592 quod
371 1513 510 1572 intortum
524 1510 588 1572 fuit.
602 1510 743 1582 Seruntur
753 1511 871 1594 pedali,

181 1611 242 1658 non
252 1592 422 1668 breviores,
440 1593 638 1674 longitudine,
656 1596 790 1678 quinque
809 1591 870 1656 serr
959 1641 960 1668 3

181 1691 220 1731 ve
241 1673 395 1734 nodorum.
417 1672 571 1736 Pauciores
590 1674 680 1736 tribus
701 1675 871 1758 gemmioin
959 1705 960 1708 ¹

182 1752 236 1812 hac
253 1751 384 1814 mensuri
402 1752 458 1814 effe
478 1776 538 1815 non
556 1773 705 1837 poterunt.
716 1756 869 1820 lnsetieo-

182 1831 252 1895 dem
266 1834 329 1909 die,
347 1857 406 1917 quo
425 1835 827 1917 deputentur,utiiissimum.
838 1832 868 1894 Si
959 1899 960 1904 ,

182 1915 275 1996 multo
293 1913 394 1997 postea
412 1915 523 1991 neceffe
540 1919 576 1978 sit
590 1915 684 1978 serere
706 1918 868 1981 custoditor

181 1997 224 2054 uti
243 2000 452 2080 pracepimus,
469 2000 566 2060 caveri
582 2002 704 2081 utique,
729 2021 768 2062 ne
788 2015 868 2062 extra
959 2051 960 2060 ,

182 2090 288 2138 terram
300 2081 389 2160 positi
405 2077 477 2152 Sole
488 2077 662 2154 inarescant,
673 2079 807 2154 venture
820 2094 868 2142 aut

182 2153 291 2239 frigore
314 2159 495 2234 hebetentur.
514 2160 580 2240 Qui
600 2162 707 2224 diutius
732 2165 762 2226 in
788 2164 865 2226 sicco

182 2235 305 2310 fuerint,
316 2240 394 2320 priirs
413 2239 500 2321 quim
515 2240 641 2307 serantur
650 2247 702 2318 ,in
717 2241 866 2327 aquipiue

182 2318 261 2380 ribus
279 2319 380 2380 diebus
396 2320 579 2385 revirescant.
833 2375 837 2384 .
857 2351 863 2384 ·.

224 2397 327 2462 Solum
347 2404 476 2483 apricum
497 2405 529 2466 δι
547 2405 636 2487 quint
655 2406 864 2488 amplissimum

183 2481 214 2541 in
234 2479 403 2559 seminario,
418 2488 482 2558 sive
500 2487 529 2546 in
546 2489 653 2559 vinei,
670 2489 791 2554 bidente
812 2507 863 2568 per

184 2561 279 2626 stinari
303 2565 390 2627 debet
412 2583 510 2629 ternos
525 2569 630 2650 ,pedes
652 2569 763 2652 bipalio
789 2568 862 2632 altor

184 2645 278 2722 marri
295 2648 374 2726 rejici
413 2647 561 2710 uaternrim
577 2650 687 2733 pedum
702 2649 862 2726 fermento,¹

184 2724 225 2790 ita
241 2742 273 2800 ut
287 2728 376 2807 pedes
392 2669 485 2792 irinos
502 2728 573 2811 fossa
587 2731 736 2814 procedet.
749 2729 861 2794 Eoiiurtr

184 2810 319 2888 purgari,
339 2810 372 2876 δι
383 2810 519 2888 extendi,
531 2833 568 2904 ne
587 2813 709 2903 crudum
723 2813 861 2894 relinqaai
