1954 3594
183 297 245 372 Ηι
260 287 637 370 stort'.Lss>.XVlll.
685 317 755 392 ι373

63 417 235 482 admodum
256 417 423 500 spernenda.
450 416 484 478 ln
504 416 584 478 ltalia
603 417 678 479 verb
695 417 760 500 plu·

67 502 149 560 ribus
157 498 666 581 locis,sicutVetonensiPisanoque
674 519 758 580 agro:

66 582 97 639 in
119 580 289 663 Campanid
301 597 400 641 tamen
416 580 619 641 laudatissima.
629 577 759 661 Campus

67 661 110 722 eu
119 660 278 740 subjacens
288 661 435 721 montibus
445 661 584 720 nimbosis
597 705 607 732 ‚
622 662 690 719 totis
701 661 761 751 qui·

68 742 137 802 dem
154 759 210 802 xc.
230 760 270 803 M.
287 739 414 822 passuum
437 742 563 822 planitie.
578 739 673 802 Terra
692 760 756 821 ejus

67 821 124 961 §ut
139 825 279 905 protinus
293 820 346 882 soli
361 839 460 883 natura
470 820 600 904 dicatur)
618 821 760 904 pulverea

82 924 199 973 umma,
219 902 343 963 inferior
362 902 477 975 bibula,
494 903 527 964 ἃ
539 903 668 987 ¹pumicis
692 905 759 963 vice

71 981 220 1044 fistulosa:
241 985 385 1045 montium
412 1004 530 1066 quoque
550 984 634 1066 culpa
659 985 689 1043 in
708 983 762 1043 bo·

68 1084 141 1124 num
167 1064 262 1126 cedit.
283 1062 411 1125 Crebros
432 1066 509 1125 enim
531 1065 639 1126 imbres
656 1083 761 1146 perco-

69 1144 110 1206 lat
123 1162 221 1226 atque
245 1142 489 1206 transmittittnec
510 1145 579 1208 dilui
597 1163 644 1206 aut
662 1144 762 1204 made·

67 1245 105 1286 re
122 1227 224 1287 voluit
245 1243 365 1308 propter
381 1224 545 1286 facilitatem
561 1225 689 1286 culturae.
705 1225 763 1286 Ea·

68 1306 142 1367 -dem
165 1324 324 1389 acceptum
347 1306 501 1367 humorem
523 1306 606 1366 nullis
633 1305 761 1368 fontibus

76 1387 191 1458 reddit,
214 1387 266 1448 sed
286 1404 448 1468 temperat,
466 1387 499 1448 ὅ(
517 1406 704 1468 concoquens
722 1389 765 1446 in·

71 1483 118 1528 tra
134 1468 164 1528 sc
181 1470 252 1530 vice
270 1466 346 1528 succi
367 1470 505 1530 continet.
521 1465 631 1528 Seritur
641 1483 704 1527 toto
715 1487 763 1526 an-

76 1569 115 1608 no
124 1551 134 1622 ',
143 1549 254 1630 panico
267 1547 375 1623 semel,
391 1549 436 1610 bis
449 1548 534 1608 farre.
554 1547 591 1610 Et
605 1565 702 1608 tamen
712 1567 764 1608 ve·

75 1647 109 1688 re
116 1628 230 1713 segetes
240 1650 326 1711 ,quae
338 1631 571 1712 interquievere‚
583 1628 706 1690 fundunt
716 1650 763 1690 ro·

74 1707 137 1770 iam
155 1712 355 1773 odoratiorem
377 1709 490 1772 sativi:
510 1711 584 1771 adeo
607 1727 682 1770 terra
702 1726 764 1769 non

81 1789 164 1852 cessat
205 1812 296 1853 arere.
319 1791 407 1854 Unde
426 1791 516 1872 vulgi>
536 1789 763 1862 didiumfftPlus
838 1829 839 1832 =

81 1895 98 1928 n
112 1815 204 1954 apudj
211 1871 377 1953 Campanos
398 1894 435 1932 un
457 1873 555 1944 uenti,
578 1871 664 1952 quim
686 1869 763 1950 apud

31 1977 34 1986 ·
81 1975 100 2009 u
112 1971 231 2016 ceteros
244 1955 302 2015 olei
316 1953 379 2014 fieri
390 1979 417 2013 n.
465 1954 583 2012 uantum
595 1967 692 2011 autem
703 1950 769 2010 uni·

77 2033 175 2097 uersas
195 2052 284 2097 terras
297 2055 415 2117 campus
426 2030 590 2114 Campanus
600 2031 767 2106 antecedit,

82 2117 195 2196 tantiam
213 2115 307 2196 ipsum
326 2137 392 2198 pars
405 2112 483 2194 ejus,
495 2135 558 2196 quae
569 2113 700 2174 Laboriae
710 2131 768 2173 vo·

87 2215 206 2269 cantur,
226 2217 314 2280 quem
343 2196 521 2280 Phlegraeum
546 2192 644 2256 Graeci
665 2195 767 2276 appel·

87 2275 153 2340 lant.
178 2278 328 2339 Finiuntur
357 2276 487 2339 Laboriae
507 2275 556 2337 vil
582 2276 618 2336 ab
642 2294 769 2358 unoque

89 2355 175 2420 latere
197 2359 356 2434 consulari,
374 2381 438 2499 Ξυε
454 2356 632 2432 aPuteolis,
650 2359 682 2421 δι
701 2375 768 2438 quae

88 2457 106 2498 a
121 2437 224 2500 Cumis
234 2438 364 2523 Capuam
395 2441 463 2499 ucit.

128 2521 213 2581 Alica
231 2518 263 2580 lit
281 2541 297 2582 e
317 2519 387 2594 red,
405 2537 492 2599 quam
500 2515 598 2576 semen
608 2515 769 2596 appellavi·

89 2614 163 2662 mus.
182 2600 326 2662 Tunditur
339 2617 457 2682 granum
470 2594 532 2676 ejus
543 2597 573 2654 in
589 2595 647 2676 pila
659 2594 768 2676 lignei:

85 2699 127 2740 ne
145 2681 246 2763 lapidis
268 2682 372 2742 duritia
397 2691 536 2739 conterat.
561 2673 716 2747 Nobilius,
738 2691 771 2735 ut

92 2777 192 2822 notum
203 2761 261 2835 eli,
281 2761 361 2842 pilo,
376 2756 540 2819 vinclorum
550 2755 656 2902 lemn
671 2755 771 2834 operi.

86 2838 213 2929 ¹Primori
232 2841 306 2906 inest
323 2841 411 2924 pyxis
433 2837 536 2900 ferrea.
581 2833 769 2902 xcussisimlc
