1932 3588
167 265 272 364 '32⁶
330 263 810 338 C.PrrrrrrNArurt.

203 386 295 451 veluti
318 385 385 447 telae
406 384 561 446 involvunt
585 382 724 458 bublum,
750 384 783 448 δι
799 383 849 447 abs
862 415 877 433 ·

202 485 294 531 munt.
305 465 442 528 Adurunt
461 468 493 527 δι
513 467 596 526 flatus
616 467 802 548 quidameas
822 487 878 526 ma·

200 551 280 610 xime
289 594 300 622 ‚
318 546 367 609 sed
386 550 419 610 δι
440 547 512 608 alios
533 546 649 608 fruetus.
661 546 879 608 Vermiculatio·

203 651 272 691 nem
291 629 324 692 &
342 649 431 711 poma
445 627 503 708 ipsa
523 649 575 710 per
595 627 623 688 se
645 628 815 710 quibusdam
837 651 880 688 an·

203 713 248 772 nis
269 709 408 784 sentiunt,
421 710 512 781 mala,
529 712 607 790 pira,
622 709 760 792 mespila,
770 710 880 771 Punica.

203 791 239 854 In
251 791 337 853 olivit-
351 793 465 873 ancipiti
484 807 608 862 eventu,
627 792 745 872 quando
757 789 809 852 sub
819 807 880 852 cute

75 911 81 920 ·
202 875 262 935 nati
283 871 405 933 frutlum
422 872 550 933 adimunt
567 893 574 932 :
594 889 719 954 augent,
740 874 765 932 si
779 875 809 932 in
824 870 881 954 ipso
934 885 935 892 ’

202 954 309 1017 nucleo
327 951 408 1014 fuere
432 953 683 1015 erodenteseum.
714 951 806 1037 Gigni
822 953 880 1014 rllos

202 1035 503 1119 prohibentrpluviffi
563 1055 587 1094 ae
606 1031 680 1095 fiunt
696 1033 765 1116 post
784 1033 881 1096 Arbiu-

202 1137 267 1196 rum
279 1138 286 1175 :
298 1115 408 1176 eaedem
427 1119 450 1175 si
465 1055 607 1175 Aullruinae
619 1113 720 1191 fuere,
731 1127 882 1198 generant‚‘

203 1199 235 1256 in
246 1197 344 1277 drupis
364 1215 481 1278 quoque
492 1215 574 1277 ‚quae
586 1194 813 1258 maturescentes
824 1214 880 1257 rum

203 1275 267 1338 sunt
277 1276 422 1359 praecipue
433 1275 556 1336 callucae.
568 1273 602 1337 Id
612 1279 697 1359 riguis
707 1298 756 1336 ma
778 1280 801 1338 is
815 1297 881 1338 eve·

202 1359 263 1431 nit,
274 1360 454 1434 etiamsinon
464 1358 611 1430 cecidere,
620 1298 809 1421 fastidienlis.
817 1357 881 1420 Sunt

202 1440 379 1502 &culicum
401 1459 506 1522 genera
528 1438 670 1520 aliquibus
691 1438 831 1514 molesta,
853 1453 881 1498 ut

203 1519 368 1603 glandibus,
381 1515 458 1593 fico,
474 1521 524 1601 qui
545 1519 680 1582 videntur
703 1541 739 1603 ex
763 1521 881 1581 humore

202 1599 293 1675 nasci,
311 1617 381 1662 runc
402 1601 478 1662 dulci
504 1599 619 1662 subdito
647 1603 816 1665 corticibus.
846 1599 880 1661 Er

201 1685 353 1766 aegrotatio
374 1682 491 1764 quidem
511 1681 572 1743 fere
593 1684 623 1741 in
642 1683 687 1742 his
710 1681 763 1744 est.

244 1761 391 1844 Quaedam
410 1780 577 1844 temporum
600 1761 713 1839 causae,
732 1780 784 1826 aut
803 1764 881 1825 loco·

202 1863 267 1906 rum
290 1865 350 1906 non
378 1845 497 1927 proprie
518 1843 663 1919 {dicuntur
683 1846 799 1920 morbi,
817 1863 881 1926 quo·

202 1929 279 1986 niam
294 1929 425 2007 protinus
443 1941 565 1986 necant:
583 1927 655 1987 sicut
664 1925 746 1987 tabes
765 1929 831 1988 ciam
843 1927 880 1984 in·

97 2076 98 2079 Ἴ
202 2009 279 2068 rasit
299 2007 452 2080 arborem,
469 2023 518 2067 aut
535 2006 646 2081 uredo,
662 2007 713 2069 vel
727 2009 811 2072 flatus
834 2005 880 2065 ali·

201 2086 285 2228 ffliuss
302 2091 433 2228 Ιτεςὶςῃὶὲ
448 2089 600 2230 ἷτοξτὸιιε,
620 2105 655 2184 ut
670 2086 710 2148 est
713 2091 755 2229 1iin
774 2084 879 2226 Aplla

202 2249 227 2306 si
244 2188 419 2308 balilsciiba
435 2189 704 2334 brtiemamlrlligllie
716 2189 881 2310 erlrcrrilmarez

201 2325 326 2402 faciens,
350 2345 382 2388 ut
399 2329 481 2388 nullis
495 2329 596 2410 polles
618 2329 734 2392 Solibus
759 2328 880 2392 recreari

201 2411 324 2491 possint.
346 2408 414 2470 Hoc
437 2430 543 2493 genere
567 2412 767 2475 convalles&
787 2411 878 2493 adpo-

203 2493 257 2551 sita
274 2490 436 2552 fluminibus
461 2492 604 2563 laborant,
621 2492 825 2576 praecipueque
837 2491 878 2552 vi·

202 2573 258 2643 tis,
274 2573 356 2647 olea,
375 2571 456 2634 ficus.
475 2571 569 2652 Quod
584 2575 651 2634 clam
663 2576 763 2645 venit,
775 2571 880 2654 detegi·

202 2667 250 2712 tur
268 2651 360 2714 statim
377 2656 408 2713 in
426 2657 656 2736 germinatione:
676 2657 706 2714 in
723 2655 800 2716 olivi
822 2670 878 2714 tar·

201 2733 285 2794 clius:
309 2733 405 2795 sedin
427 2736 560 2796 omnibus
579 2730 877 2820 signumestrevives-

202 2814 311 2891 cendi,
326 2817 350 2875 si
371 2813 440 2878 folia
459 2815 730 2902 amiseretalioqui,
741 2837 809 2902 quas
827 2833 877 2898 pu·
