2012 3588
242 314 656 390 Histonium.
716 317 765 410 ι”9

101 441 142 509 re,
160 451 202 498 aut
223 435 379 515 plumbatis
410 433 526 518 sagittis.
560 433 634 496 Item
662 435 770 496 cariam

102 520 168 578 cirta
183 516 295 597 paludes
314 536 517 600 propugnante
538 535 576 576 un
617 515 679 574 ibus
701 515 766 578 diro

104 595 319 692 uelpenilionum
331 617 459 680 genere,
470 597 569 679 aligeri
582 613 640 678 que
651 591 769 675 serpen·

106 676 180 740 nuru:
193 678 232 740 his
252 679 428 741 commentis
440 699 476 740 au
497 692 579 740 entes
588 695 686 738 rerum
698 696 771 757 pre-.

101 759 139 818 n'r.
154 755 293 822 Comitata
312 762 390 821 verb
406 697 501 820 fabufi

95 835 198 900 niSolis
216 839 399 922 repercuffus
416 838 635 902 inenarrabilem
658 859 766 920 quern·

95 918 151 979 dam
168 922 363 983 universitatis
381 920 500 982 belinam
516 940 534 982 e
553 919 617 982 toti
631 919 766 1002 peninsu-

93 998 279 1077 uenistere,
309 1018 357 1065 tot
382 1020 521 1084 generum
547 1021 623 1062 aurae
641 998 764 1082 spirante

92 1099 236 1156 concentu,
252 1082 416 1166 Magnique
446 1081 607 1144 Alexandri
626 1081 764 1144 classibus

91 1159 214 1224 Arabiam
231 1163 329 1226 odore
349 1164 474 1246 primum
491 1166 647 1224 nuntiatam
669 1165 699 1224 in
716 1164 763 1226 al-

91 1255 156 1316 tum,
164 1242 273 1306 Omnia
281 1243 370 1321 falsa,
380 1243 522 1328 siquidem
531 1246 763 1320 cinnamomum,

90 1321 215 1407 idemque
232 1327 420 1398 cinnamum,
441 1323 562 1386 nascitur
572 1329 602 1386 in
613 1325 763 1408 AEthiopid

90 1399 272 1546 Tropodytis
284 1405 572 1488 conubiopetmixtd.
582 1405 623 1468 Hi
631 1427 764 1470 mercan-

90 1486 143 1544 tesi
171 1489 398 1560 aconterminis,
408 1487 519 1548 vehunt
527 1507 580 1570 per
589 1487 764 1549 mariavalla

91 1566 280 1650 ratibus,quas
289 1589 385 1652 neque
395 1567 704 1710 pubemacularegann
715 1588 765 1632 ne·

91 1663 140 1726 que
151 1651 219 1708 remi
230 1651 344 1710 trahant
357 1669 395 1711 ve
419 1648 584 1730 impellant,
602 1668 663 1708 non
674 1650 763 1723 vela,

94 1745 144 1788 non
153 1731 222 1792 ratio
231 1731 290 1792 ulla
301 1729 441 1810 adjuvet,
461 1731 528 1790 cum
538 1729 668 1790 omnium
678 1728 765 1790 instar

95 1805 128 1867 ibi
137 1811 204 1886 sint,
212 1806 308 1874 'homo
319 1813 431 1872 tentum
440 1811 474 1873 dt
483 1809 610 1871 audacia.
622 1807 765 1872 Praererea

96 1885 232 1954 hibernum
240 1913 322 1956 mare
337 1896 455 1975 exigunt
464 1895 537 1953 circa
545 1890 677 1950 brumam
686 1934 696 1964 ‚
706 1889 765 1954 Eu·

98 1969 319 2062 risummarime
329 1974 470 2036 flantibus.
481 1973 522 2033 Hi
534 1969 700 2032 redocursu
711 1992 764 2054 per

100 2067 161 2113 unus
174 2057 350 2138 impellunt,
370 2073 456 2136 atque
468 2075 485 2113 a
496 2053 687 2136 promontorii
700 2075 763 2114 ant·

101 2127 149 2224 bitu
165 2135 287 2220 Argeste
307 2135 441 2198 deferunt
462 2136 492 2194 in
514 2151 630 2214 portum
659 2131 763 2196 Geba-

100 2227 418 2380 lilllt‘llllssllt
428 2211 763 2379 ,llillllllllll

110 2381 204 2459 ,llum
233 2382 344 2442 reverti
365 2380 585 2461 negotiatores,
601 2377 635 2439 &
653 2377 761 2438 multos

108 2456 204 2522 interire.
223 2459 340 2522 Contrit
357 2459 499 2522 revehunt
517 2460 630 2526 vitrea,
645 2458 679 2520 δι
690 2457 762 2516 ahe-

103 2547 148 2605 Μ,
166 2539 275 2614 vestes,
295 2537 396 2602 fibulas
415 2561 482 2602 tum
508 2535 625 2598 armillis
645 2556 678 2595 ac
698 2557 763 2596 mo·

101 2611 193 2704 fidibus.
206 2622 285 2705 Ergo
297 2623 453 2704 negotiatio
463 2618 513 2678 illa
521 2615 693 2677 feminarum
704 2635 763 2678 tna·

100 2697 163 2756 rrml
180 2701 237 2765 fide
258 2701 376 2764 constat.

129 2773 185 2856 lpse
204 2781 299 2846 frutex
317 2781 407 2844 dudm
425 2779 589 2844 cubitorum
609 2776 760 2843 altitudine

98 2858 286 2941 amplissimus,
297 2864 443 2948 palmique
462 2862 616 2936 minimus,
626 2879 674 2922 ιν.
689 2859 762 2944 digi-

559 2937 584 3004 Β
604 2937 635 3023 a,

511 757 553 820 est
562 801 572 832 ,
582 757 620 820 ad
631 758 766 820 meridia·
