1942 3586
203 305 270 382 ¹52
323 283 360 354 C.
382 283 564 361 Parum
587 285 780 355 Naana.

197 401 289 462 fasciis
307 402 450 478 involvit,
466 404 547 464 cadis
562 423 598 464 ue
613 404 762 478 conditas,
802 401 887 485 ypso‘.

196 485 328 545 includit.
348 483 416 544 Hoc
439 483 518 544 idem
535 425 631 546 draeci
658 487 762 566 platani
782 423 883 558 soliis,
954 513 955 524 ¹

196 583 248 624 aut
261 566 329 625 vitis
346 567 453 661 ipsius,
475 581 524 626 aut
542 563 611 638 fici,
632 586 691 626 uno
706 566 753 625 die
772 568 805 624 in
813 587 885 625 anr-

196 643 252 705 bra
271 647 498 726 siccans,atque
519 647 549 706 in
568 647 642 706 cado
655 646 884 721 vinaceisinter·
954 651 955 690 i

197 728 311 807 positis.
330 724 403 805 Quo
424 747 530 808 genere
547 725 615 788 ¹Coa
635 748 706 800 uva,
727 727 760 787 ὃ(
784 726 886 808 Bery·
954 731 955 790 ἰ

197 809 239 868 tia
258 806 425 879 servantur,
443 807 545 868 nullius
568 807 700 869 suavitati
717 805 883 888 postferen·

197 888 253 947 dae.
271 885 420 966 Quidam,
431 905 463 948 ut
480 888 533 948 has
551 885 675 961 saciant,
696 890 726 947 in
744 890 846 949 cinere
854 888 886 946 li·
954 899 955 904 ’

141 1035 146 1046 ¹
198 969 280 1030 xivio
294 970 406 1048 tingunt
418 971 548 1047 protinus
559 968 646 1050 quim
654 968 805 1029 detraxere
817 970 884 1028 viti·
954 1021 955 1040 ἶ

197 1049 269 1122 bus,
280 1055 349 1108 mox
361 1049 390 1106 in
404 1047 471 1108 Sole
484 1051 605 1109 siccant:
618 1066 679 1110 turn
690 1048 766 1109 foliis
777 1047 832 1132 (ut
840 1048 886 1111 su·
954 1047 955 1056 ³

221 1127 251 1188 rit
263 1127 368 1188 didum
382 1126 447 1210 est)
466 1130 612 1192 involutas
624 1132 749 1192 vinaceis
766 1128 883 1210 stipant.
954 1153 955 1174 ³

198 1150 273 1268 gunt
294 1211 343 1291 qui
364 1209 473 1270 malunt
502 1231 573 1270 uvas
595 1209 682 1270 scobe
708 1209 885 1270 ramentisve
954 1221 955 1280 ἦ

197 1290 318 1360 abietis,
332 1289 450 1371 populi,
467 1289 569 1351 fraxini
589 1289 712 1352 servare.
732 1289 804 1350 Sunt
832 1292 885 1374 qui

197 1369 330 1450 suspendi
348 1373 451 1450 procul
462 1369 560 1443 malis,
574 1369 707 1451 protinus
722 1392 758 1431 ue
770 1374 799 1431 in
816 1392 884 1453 gra·

198 1453 283 1512 trariis
303 1450 439 1532 jubeant,
458 1453 595 1532 quoniam
617 1393 727 1532 opriml
747 1454 784 1512 sit
805 1473 826 1512 o
850 1472 884 1513 e·
954 1507 955 1530 ἐ

198 1534 325 1592 rimento
343 1533 440 1614 pulvis
461 1533 627 1612 pensilibus.
647 1531 759 1593 Contra
778 1474 847 1593 tres³

181 1612 333 1674 *remedio
355 1611 417 1685 est,
439 1613 507 1674 oleo
527 1611 658 1696 adspergi
683 1632 719 1672 ex
740 1633 804 1675 ore.
866 1633 884 1675 e
954 1615 955 1680 ἲ

197 1693 301 1777 palmis
321 1694 455 1756 diximus.
954 1695 955 1712 ³

205 1817 208 1824 «
240 1773 562 1844 xlx.18-.Ereliu0
590 1794 697 1856 genere
722 1794 882 1856 pomorum
954 1829 955 1842 ,

199 1853 272 1916 ficus
292 1856 467 1934 amplissima
488 1794 550 1928 el,
571 1856 760 1937 quadamque
783 1855 817 1918 ὃ(
859 1857 883 1915 i·

199 1938 238 1998 ris
258 1935 453 2018 magnitudine
472 1935 584 1996 aemula.
594 1932 643 1995 De
653 1935 803 2017 AEgyptiae
819 1877 884 2018 dy·

198 2018 269 2099 ptiae
292 2037 328 2077 ue
350 2015 493 2078 miraculis
519 2015 670 2080 retulimus
688 2019 761 2076 inter
777 2033 883 2080 exter.-

197 2118 259 2158 nas.
271 2039 355 2158 ldaea
364 2097 448 2156 rubet
458 2096 544 2156 oliva
554 2097 765 2177 magnitudine,
779 2113 881 2157 rotun·

197 2177 265 2238 dior
286 2179 416 2248 tantum,
435 2175 535 2257 sapore
561 2176 684 2256 mespili.
703 2175 881 2238 Alexandri-

198 2279 266 2320 nam
282 2258 355 2318 hanc
373 2256 413 2314 ibi
431 2274 558 2327 vocant,
577 2257 765 2318 crassitudine
797 2259 882 2319 cubi·

198 2339 249 2400 tali
262 2358 269 2397 ε
289 2335 445 2406 ramosam,
465 2339 585 2398 materie
596 2339 740 2412 validam,
752 2338 881 2414 lentam,

199 2417 369 2490 sinentis,
386 2420 493 2478 cortice
513 2419 617 2491 viridi,
634 2417 706 2480 folio
726 2419 815 2494 tiliae,
830 2418 882 2480 sed

197 2499 289 2576 molli.
300 2498 483 2560 Onesicritus
493 2499 580 2560 tradit
597 2501 627 2558 in
643 2499 793 2579 Hyrcanis
805 2501 881 2562 mul-

197 2583 261 2641 titm
280 2578 383 2642 nostris
396 2577 452 2642 elle
470 2580 633 2655 dulciores,
647 2578 879 2662 fertilioresque,

198 2677 232 2720 ut
250 2681 313 2741 quae
332 2661 448 2724 modios
474 2677 592 2722 ecurtx.
623 2662 740 2742 singulae
771 2659 890 2723 ferant·

200 2739 251 2803 Ad
273 2761 328 2800 nos
349 2760 384 2800 ex
402 2739 461 2800 aliis
478 2743 615 2802 transiere
626 2742 778 2823 gentibus,
791 2739 883 2802 Chal-⁴

199 2819 281 2894 tide,
298 2818 376 2884 Chio
389 2839 398 2879 τ
409 2840 531 2903 quarunt
548 2821 630 2902 plura
651 2841 770 2905 genera.
784 2820 882 2906 Siquis⁸

853 1541 955 1593 as?
