2012 3588
204 285 248 364 18
319 281 558 366 C.'Pr1u11
584 287 765 356 NArvn.

197 406 303 475 dextri
320 407 393 466 mari
411 401 535 486 scopulis
559 401 716 480 inaccesso„
734 403 769 465 Id
790 403 885 467 solum

199 486 324 570 etubro
348 483 468 548 lacteum
488 484 618 546 traditur.
650 483 792 560 Silvarum
818 486 886 546 lon-

199 567 304 651 gitudo
325 565 385 642 est,
405 565 511 628 schoeni
521 583 578 626 xx.
593 565 715 629 latitudo
731 567 884 628 dimidium

198 645 428 728 ejusrssclroenus
447 663 526 729 patet
540 645 735 708 Eratosthenis
750 650 884 721 ratione,

200 727 295 812 ,stadie
310 747 362 790 xt..
378 728 435 806 hoc
454 727 495 806 est
508 774 519 804 ‚
533 726 662 810 paffuum
682 731 809 813 quinque
820 729 886 790 mil-

200 808 293 872 libus:
307 810 394 890 aliqui
417 826 527 871 xxxu.
543 807 630 872 stedia
649 811 768 893 singulis
790 808 886 872 schoe-

200 894 245 954 nis
264 888 384 952 dedere.
408 889 593 952 Attolluntur
624 891 713 953 colles
744 891 793 952 alti
804 935 816 964 ,
831 893 886 951 de·

199 989 377 1054 curruntque
396 971 429 1033 &
445 973 477 1033 in
491 971 575 1052 plana
592 973 710 1034 arbores
720 971 821 1053 sponte
834 993 886 1033 na·

129 1087 131 1092 ,
200 1072 250 1115 τε.
267 1051 390 1114 Terram
410 1052 572 1136 argillosam
591 1051 647 1114 else
670 1056 824 1125 convenit,
839 1075 886 1114 ra·

200 1135 242 1210 ris
262 1133 392 1206 fontibus
415 1155 448 1194 ac
469 1137 594 1198 nitrosis.
615 1134 886 1218 Attinguut&M‘i·

198 1214 279 1295 nei,
290 1235 379 1299 pagus
397 1215 488 1292 alius,
504 1237 558 1296 per
573 1236 647 1300 quos
671 1216 804 1280 evehitur
822 1235 885 1280 uno

201 1299 315 1360 tramite
334 1295 463 1380 angusto.
492 1297 533 1356 Hi
559 1299 644 1377 primi
675 1297 886 1358 commercium

200 1379 291 1459 thuris
306 1376 420 1450 fecere,
433 1377 617 1460 maximeque
629 1396 780 1440 exercent:
794 1382 887 1460 aqui·

146 1509 148 1513 .
200 1461 257 1536 bus
276 1460 309 1522 &
324 1459 465 1522 Minaeum
486 1458 594 1520 dilium
615 1458 665 1519 est.
684 1459 748 1520 Nec
767 1477 887 1540 praeter-

200 1562 240 1602 ea
252 1540 383 1601 Ara'bunt
402 1541 449 1600 alii
468 1541 557 1600 thuris
574 1539 707 1600 arborem
720 1540 836 1613 vident,
851 1562 885 1604 ac

200 1641 239 1700 ne
250 1622 354 1680 horun't
366 1621 482 1702 quidem
489 1641 602 1681 omnes.
610 1621 774 1704 Feruntque
788 1637 884 1684 munt.

92 1738 97 1743 ·
198 1721 263 1762 ¹nort
282 1702 404 1784 amplius
422 1700 680 1779 elleftmiliarum3
721 1725 765 1764 uae
779 1701 823 1785 jus
832 1722 886 1784 per

201 1782 398 1848 successiones
416 1784 446 1846 id
465 1784 518 1846 sibi
536 1725 812 1848 vindicent.‹lacros
829 1805 887 1846 vo-

202 1869 260 1926 cari
279 1865 318 1932 ob
334 1865 382 1940 id,
400 1885 454 1926 nec
466 1865 528 1928 ullo
538 1885 594 1926 con
615 1865 687 1927 reslu
695 1865 886 1940 feminarum,

87 1973 94 1984 ·
201 1946 409 2029 fructumque,
435 1950 502 2008 clim
531 1949 585 2010 inc'
610 1966 658 2010 ant
688 1968 736 2008 eas
767 1949 887 2009 arbores

87 2075 94 2082 .
201 2045 251 2106 rtur
274 2045 411 2102 metant,
434 2028 526 2110 pollui
546 2051 553 2090 :
573 2047 661 2112 etque
685 2031 726 2089 ita
746 2028 886 2120 religione

200 2127 315 2170 merces
345 2111 450 2190 augeri.
472 2108 604 2190 Quidam
628 2107 823 2192 promiscuum
839 2127 886 2190 jus

202 2190 238 2249 iis
268 2190 384 2271 populis
416 2188 472 2250 elle
508 2191 622 2252 tradunt
654 2194 684 2250 in
707 2188 787 2250 silvis
806 2211 815 2250 r
832 2189 886 2249 'alii

201 2271 355 2353 pervices
377 2290 517 2331 annorum
540 2270 643 2332 dividi.

242 2348 354 2412 XXXI.
375 2350 439 2410 Nec
456 2351 565 2420 arboris
579 2351 667 2430 ipsius
693 2369 758 2432 quae
782 2351 818 2410 sit
843 2347 885 2410 sa·

202 2433 281 2506 cies,
298 2427 417 2490 constat.
435 2429 494 2490 Res
513 2432 542 2490 in
562 2429 670 2492 Arabia
680 2433 838 2515 gessimus,
853 2433 886 2494 δι

200 2503 335 2580 Romana
353 2532 431 2572 arma
442 2513 472 2571 in
491 2529 623 2594 magnam
634 2530 746 2596 portent
757 2511 820 2593 ejus
831 2533 882 2594 pe·

202 2612 355 2656 netravere
371 2616 379 2655 τ
400 2590 487 2658 Caius
499 2595 593 2674 letiam
609 2592 705 2656 Caesar
720 2592 843 2675 Augusti
856 2590 888 2652 fr·

202 2675 259 2735 lius
279 2675 347 2736 inde
398 2676 501 2736 loriam
526 2678 627 2758 petiit,
646 2695 700 2739 nec
723 2689 822 2736 tamen
849 2675 885 2735 ab

204 2755 266 2816 ullo
283 2695 397 2838 (quorl
407 2756 544 2838 equidem
564 2755 671 2837 sciam)
684 2755 885 2820 Latinoarbo·

201 2855 268 2900 nrm
292 2856 391 2910 earum
412 2837 513 2899 tradita
535 2835 577 2908 est
595 2834 692 2904 facies.
712 2833 886 2906 Graecorunt
