2012 3588
196 319 207 335 .-
266 277 475 360 Hrsrou.
493 275 572 348 lib.
598 275 678 351 XII.
753 297 778 374 9

111 396 154 480 'qui
168 383 356 462 terebinthum
378 395 434 459 elle
456 399 566 480 proprii
582 399 692 481 generis
715 385 777 539 po‘·

112 483 179 554 rius,
191 479 270 561 quim
292 479 419 540 similem
437 481 485 552 ei,
505 496 688 560 putaverunt.
737 479 777 546 erl

115 559 183 620 uuile
199 559 287 623 vestes
306 561 396 621 lineas
416 557 542 632 faciunt,
558 558 636 620 foliis
647 561 779 620 morosi·

118 641 194 712 milis,
207 642 308 722 calyce
329 642 427 722 pomi,
446 640 648 723 cynorrhodo.
674 637 779 702 Serum
870 679 875 686 -

115 739 166 781 eam
182 723 209 781 in
226 725 357 806 campis,
375 741 430 784 nec
448 721 490 787 est
508 723 615 806 gratior
638 720 778 784 villarum

110 801 172 882 pros
184 802 267 866 eiius.
367 813 372 846 ²
404 859 407 870 .

209 897 218 944 .’
234 905 264 964 7.
285 883 381 946 Oliva
397 880 487 945 Indiae
509 882 634 954 sterilis,
657 893 780 965 preter-⁸

108 975 183 1045 quam
198 964 314 1026 oleastri
325 963 427 1026 lruiiu.
448 964 556 1026 Passim
569 967 643 1026 veri)
653 985 718 1048 quae
730 967 779 1048 pi-

107 1051 153 1124 per
180 1048 327 1130 gignunt,
355 1045 491 1128 juniperis
519 1044 623 1108 nostris
648 1047 777 1107 similes:

107 1125 781 1291 lirimillll‘lssilluilllllsslf

106 1227 213 1349 iimina
222 1229 385 1372 allinipero
396 1287 499 1350 distant
511 1289 635 1372 parvulis
646 1289 779 1372 siliquis,

105 1370 195 1508 quales
204 1372 233 1431 in
244 1368 360 1432 faseolis
373 1370 518 1432 videmus.
531 1371 603 1444 Hae,
614 1369 778 1452 priusquam

123 1449 263 1526 ehiscanr,
284 1451 449 1532 decerptae,
469 1449 610 1533 tostaeque
630 1448 719 1526 Sele,
736 1451 779 1512 sa-

105 1531 646 1674 ll'iil‘iilfl‘sslillailla&
660 1553 668 1593 ²
681 1532 782 1674 illl:

106 1692 173 1754 dunt
180 1694 337 1755 candidum
347 1696 431 1777 piper
444 1715 451 1754 r
463 1694 545 1775 quod
555 1659 661 1754 deinde,
671 1693 781 1756 tostum

107 1771 782 1859 Solibus,colererugisquemutarur.Verl1m&

108 1854 138 1915 iis
155 1855 199 1916 sua
215 1855 321 1936 injuria
341 1855 402 1930 est,
417 1873 502 1938 atque
525 1854 587 1916 cali
610 1855 699 1914 intem
721 1859 783 1918 erie

112 1938 360 2011 carbunculanrur,
376 1935 510 2018 fiuntque
530 1935 637 1997 semina
664 1877 734 1997 calla
748 1940 781 2001 &

111 2016 193 2080 inania
199 2035 210 2090 ,·
217 2019 302 2102 quod
318 2036 425 2081 vocant
443 2018 576 2093 brema,
589 2019 628 2078 sic
640 2015 781 2080 Indorum

113 2097 196 2181 lingui
206 2097 387 2184 significante
399 2113 556 2160 morinum.
576 2099 644 2160 Hoc
654 2119 691 2160 ex
700 2101 783 2180 omisi

116 2195 211 2258 genere
232 2179 420 2263 asperrimum
446 2179 507 2256 est,
528 2180 782 2264 levissimumque,

118 2259 301 2342 &palliduma
314 2259 432 2322 Gratius
449 2263 582 2344 nigrum:
600 2261 691 2322 lenius
707 2279 783 2325 urru-

155 2342 340 2405 eeandidum.
362 2341 490 2404 Non'est
504 2341 587 2424 hujus
607 2341 716 2404 alboris
736 2363 784 2404 ra·

140 2419 179 2490 ix,
195 2441 222 2486 ur
242 2425 333 2504 aliqui
351 2421 563 2496 existimavere,
583 2423 663 2504 quod
674 2439 783 2486 vocant

121 2499 262 2584 zingiberi,
273 2506 320 2564 alii
336 2507 409 2568 verb
425 2505 596 2587 zimpiberi,
630 2522 785 2584 uamquam

117 2577 206 2662 sapore
226 2585 333 2646 simile.
365 2585 400 2646 ld
419 2587 544 2646 enimin
564 2523 672 2641 Arilla
699 2601 787 2664 arque

117 2656 323 2747 Troglodyrici
334 2667 363 2750 in
373 2666 452 2728 villis
463 2661 602 2735 nascitur,
616 2680 713 2746 parvae
722 2664 787 2724 her·

115 2738 170 2816 bae,
184 2747 280 2806 radice
308 2748 439 2808 candidi.
468 2743 609 2808 Celeriter
626 2763 661 2816 ea
680 2748 787 2814 cariem

112 2817 210 2904 sentit,
222 2831 357 2910 quamuis
371 2831 401 2893 in
417 2828 495 2902 raeti
510 2825 707 2970 amaritAudine.
717 2826 787 2893 Pte,

645 2926 666 2971 v
