1942 3586
203 327 413 398 Hrsror.
440 325 512 398 Lib.
538 325 620 399 XV.
674 329 739 400 161

70 443 146 508 Nunc
167 445 249 526 plura
270 467 370 508 earum
383 465 497 528 genera.
519 445 688 508 Tarentinae
697 447 742 508 fa·

68 525 147 599 tiles,
156 547 211 588 nec
221 526 351 608 operosae
366 527 432 588 cibo
445 569 455 599 ,
468 527 559 608 planae
570 525 670 610 figuti.
681 527 742 589 Ro·

67 608 195 683 tundier,
234 627 277 668 uae
295 607 425 668 balanitis
440 625 585 680 vocatur,
608 609 745 749 &urgabi‘

68 685 97 746 lis
117 630 261 761 maximi,
276 690 308 751 &
320 687 422 770 sponte
434 689 594 769 prosiliens.
637 711 687 748 ura
708 691 743 752 &

67 766 141 848 plana
161 768 202 830 est
224 791 260 830 ex
281 771 321 830 eis
344 771 377 831 δι
404 769 568 830 Salariam:
582 767 742 832 Tarentina

67 851 150 910 minis
168 849 323 912 tradabilis
337 873 346 911 t
360 851 502 911 laudatior
514 849 741 923 Corellium&

68 948 98 987 rx
117 931 149 991 ei
171 930 261 1002 fadla,
280 951 338 1013 quo
363 932 492 994 dicemus
510 933 539 992 in
560 933 650 992 insitis
672 953 742 994 rno-

68 1008 116 1078 do,
134 1009 307 1088 Etereiana,
323 1032 411 1094 quarn
432 1012 539 1072 rubens
556 1032 657 1074 cortex
670 1035 740 1095 prae·

66 1087 114 1150 ten
123 1092 291 1174 triangulis,
308 1095 339 1154 dt
350 1092 534 1173 popularibus
553 1095 655 1176 nigris,
674 1115 739 1235 Ῥω

67 1169 174 1232 todlivae
195 1190 346 1234 vocantur.
361 1172 453 1234 Patria
464 1173 663 1235 laudatissimis
708 1197 740 1234 a·

67 1269 186 1323 rentum,
204 1255 237 1315 dt
258 1254 286 1312 in
308 1252 467 1334 Campaoii
487 1253 637 1337 Neapolis.
650 1253 740 1316 cete·

66 1349 99 1390 rae
123 1330 204 1393 suurn
225 1333 334 1414 pabulo
363 1335 538 1416 gignuntur,
573 1335 739 1417 scrupulosi

67 1415 172 1473 corticis
182 1417 256 1474 intra
268 1415 388 1476 nucleos
400 1435 521 1497 quoque·
536 1418 738 1478 ruminatione.

99 1490 206 1556 XXVL
226 1500 275 1569 24'.
294 1495 381 1556 Haud
401 1497 502 1576 procul
514 1495 739 1558 abeffevideon'·

66 1585 106 1630 tur
124 1575 327 1654 &praedulces
347 1577 475 1732 εἱὶὶὃιιω,
490 1579 545 1637 nisi
562 1578 641 1660 quod
655 1580 684 1637 in
701 1579 738 1638 iis

67 1654 377 1736 corteuipsemanditur.
420 1659 556 1738 igitorum
566 1660 660 1718 omnis
671 1647 738 1717 lonss·

67 1733 157 1871 {itudo
175 1736 248 1808 illis,
274 1738 307 1798 dt
334 1738 448 1796 interim
468 1735 587 1811 falcata,
606 1738 739 1820 pollicari

91 1816 212 1877 titudine.
235 1813 364 1880 Glandes
384 1820 460 1877 inter
485 1837 572 1899 poma
593 1821 741 1878 numerari

67 1913 118 1953 non
139 1895 253 1978 poliunt
271 1919 287 1976 ε,
302 1897 494 1980 quamobrem
517 1899 547 1956 in
566 1895 614 1959 sui
635 1897 737 1960 naturd

69 1972 195 2040 dicentur.

101 2054 180 2118 XXV
184 2056 221 2120 ΙΙ,
243 2055 367 2140 Reliqua
387 2059 501 2119 carnosi
522 2057 585 2120 sunt
606 2060 735 2143 generis:

68 2153 145 2218 eaque
160 2138 257 2200 baccis
276 2157 362 2220 atque
383 2139 514 2200 carnibus
538 2137 649 2205 distant.
666 2141 735 2204 Alia

69 2218 143 2282 acinis
163 2241 233 2282 caro
241 2263 252 2291 ,
262 2221 318 2280 alia
336 2221 446 2292 moris,
465 2221 517 2282 alia
533 2222 733 2286 unedonibus.:

69 2295 96 2355 &
111 2302 160 2360 alia
179 2304 268 2362 acinis
278 2302 354 2361 inter
366 2318 461 2362 cutem
474 2300 664 2386 succumque,
680 2304 736 2365 alia

68 2383 171 2457 myxis,
190 2382 246 2442 alia
262 2381 376 2456 baccis,
394 2383 541 2446 urolivis.
564 2385 659 2444 Moris
671 2383 735 2457 suc-

69 2476 129 2532 cus,
146 2463 176 2521 in
193 2483 279 2524 carue
296 2461 411 2524 vinosus
423 2485 434 2523 a
444 2465 509 2522 trini
520 2464 654 2542 colores,
667 2483 736 2523 can·

69 2536 140 2599 didus
157 2544 272 2624 primo,
291 2561 362 2604 mox
380 2541 502 2615 rubens,
514 2544 630 2602 maturis
643 2544 734 2622 niger«

69 2613 96 2678 ln
111 2625 273 2684 novissimis
292 2623 416 2695 florent,
433 2625 507 2681 inter
529 2623 621 2703 prima
641 2636 735 2684 matu-

69 2697 177 2764 rescunt.
204 2703 333 2786 Tingunt
358 2721 461 2764 manus
487 2699 572 2764 succo
605 2718 733 2775 matura,

70 2777 155 2842 eluunt
183 2785 295 2846 acerba.
328 2783 482 2844 Minimum
507 2785 535 2844 in
555 2784 608 2844 hac
630 2781 733 2846 arbore

68 2857 167 2942 ingenia
184 2864 391 2947 profecerunt,
404 2883 458 2928 ner
480 2859 665 2937 nominibus',
677 2883 731 2948 nen
