1932 3588
172 314 382 389 'Hrsro'rt
407 315 480 390 Lib.
505 317 633 390 XVIII.
684 333 755 418 353·

115 457 140 498 ε
161 437 278 518 propria
298 455 437 518 generum
465 436 642 518 singulorum
661 452 758 501 eruutl

109 520 195 580 terim
215 519 395 586 communia.
413 539 479 600 quae
494 516 674 590 succurrunt,
694 539 755 580 non

74 601 254 662 omittemus.
279 595 315 657 Et
336 599 485 678 inprimis
514 596 635 659 Catonis
653 598 759 660 huma-

74 679 226 741 pissimum
234 676 493 760 utilissimumque:
511 678 572 739 old
591 678 758 818 aspendum·

76 779 95 815 u
113 777 146 820 ut
166 759 217 818 dili
238 777 287 818 ant
303 760 430 818 vicinio.
452 755 557 820 Causas
576 779 608 820 re
631 760 673 820 dit
688 759 757 822 ille:

75 859 131 900 nos
162 840 207 899 exi
233 840 352 899 'mamus
374 839 444 900 nulli
469 838 524 900 eise
545 840 657 902 dubias.
678 839 757 900 Inter

97 921 171 980 rima
188 917 267 978 idem
288 933 395 990 cavet,
412 939 449 979 ue
462 918 576 979 'satuiliae
596 922 678 982 malae
690 923 758 982 sint.

107 1000 160 1060 ihil
176 997 239 1060 sero
254 996 418 1060 faciendum
430 1001 458 1058 iu
467 1001 637 1082 agricultura
652 1019 758 1062 omues

74 1079 214 1154 censent,
233 1081 394 1160 iterumque
410 1077 461 1140 suo
479 1102 601 1163 quaeque
621 1099 758 1163 tempore

74 1159 218 1222 facienda.
236 1157 280 1218 Ex
294 1161 380 1220 tertio
396 1177 558 1241 precepto,
572 1159 758 1244 pretermissa

74 1239 178 1302 frustra
205 1242 345 1300 revocari.
373 1237 422 1300 De
446 1241 523 1300 terris
542 1243 652 1304 cariosi
676 1240 760 1303 exse·

75 1323 167 1382 cratio
180 1316 299 1381 Catonis
316 1320 429 1381 abunde
444 1321 567 1382 iudicata
580 1321 630 1385 est.
642 1321 760 1402 Quam·

75 1423 166 1486 quam
208 1400 341 1462 raedicere
359 1421 419 1461 nou
438 1399 574 1464 cessatis.
602 1402 758 1485 Quidquid

75 1504 128 1566 per
155 1481 272 1542 aelium
296 1479 360 1543 fieri
387 1481 503 1564 potest,
528 1484 668 1544 vilissime
687 1503 759 1545 con·

73 1563 141 1624 dat.
151 1560 347 1624 Filixbiermio
358 1563 498 1636 moritur,
512 1565 535 1624 si
545 1562 680 1625 frondem
690 1583 760 1660 age·

75 1665 108 1706 re
129 1663 193 1704 non
216 1644 341 1723 patiaris.
369 1641 404 1703 ld
427 1641 622 1706 efficacissimd
644 1663 759 1706 conun-

76 1727 143 1866 ἔτ,
163 1725 345 1806 germinantis
372 1725 458 1784 ramis
484 1724 588 1788 baculo
619 1725 760 1790 decussus

97 1825 188 1866 uccus
206 1806 283 1865 enim
295 1825 331 1866 ex
343 1801 405 1884 ipsi
416 1802 547 1868 defluens
559 1852 569 1883 ,
583 1823 666 1868 necat
688 1805 760 1866 radi·

75 1905 138 1946 ces.
160 1883 252 1946 Aiunt
272 1887 305 1950 &
320 1887 395 1946 circa
415 1884 563 1947 solstitium
581 1885 690 1948 avulsas
698 1907 760 1947 non

76 1963 206 2040 renasci,
221 1985 276 2026 uec
295 1966 432 2026 arundine
451 1964 555 2040 sedas,
567 1984 615 2026 aut
633 1984 760 2028 exaratas

77 2046 196 2109 vomeri
228 2046 365 2107 arundine
394 2048 538 2127 impositi.
565 2045 700 2108 Similiter
726 2047 761 2110 δι

77 2126 250 2186 arundiuem
273 2127 381 2186 exarari
397 2124 474 2188 filice
493 2129 608 2188 vomeri
622 2132 661 2188 im
683 2128 761 2189 ositd

102 2208 259 2287 taecipiunt.
283 2203 421 2266 Juncosus
439 2227 506 2289 ager
524 2211 599 2270 verti
623 2149 689 2292 pail
707 2207 760 2270 de·

2 2290 6 2300 ’
78 2228 151 2348 let:
172 2303 199 2346 at
215 2288 244 2346 in
265 2284 361 2347 saxoso
377 2286 553 2350 bidentibus.
562 2288 691 2352 Fmteua
700 2290 759 2372 igni

79 2366 192 2448 optime
213 2364 360 2426 tolluntur.
373 2367 578 2430 Humidiorem
589 2389 688 2452 agrum
698 2369 761 2432 fos·

78 2449 120 2507 sis
139 2445 253 2507 concidi
270 2467 355 2529 arque
371 2449 488 2520 siccari,
508 2449 688 2510 utilissimum
698 2449 760 2510 est:

74 2524 164 2588 sosas
185 2543 280 2588 autem
305 2529 423 2587 cretosis
446 2528 519 2586 locis
539 2544 650 2607 apertas
666 2529 754 2586 reliu-

76 2609 148 2689 qui:
165 2609 195 2670 in
214 2605 350 2668 solutiore
368 2605 444 2666 terrd
462 2604 575 2686 sepibus
586 2605 708 2678 firmari,
720 2625 759 2668 tte

77 2688 233 2768 procidant
249 2710 256 2749 t
272 2704 319 2746 aut
337 2684 443 2764 supinis
468 2686 603 2747 lateribus
625 2705 760 2766 procum·

68 2769 153 2844 'bere
174 2787 183 2856 ².
200 2765 335 2846 quasdam
353 2765 511 2841 obcaecad,
531 2765 763 2829 &inaliasdiri-

79 2849 111 2930 gi
128 2867 254 2928 majores
269 2845 516 2931 patentioresque:
534 2849 557 2910 si
573 2850 609 2910 sit
627 2846 761 2930 occasio,
