2012 3588
216 329 274 400 ·H
279 349 329 404 1s
345 347 455 403 ron.
479 332 553 404 Lib.
565 331 661 405 Xlll‘.
717 333 763 428 69

104 464 231 508 mutarunt
250 451 449 532 antiquitatum
469 449 571 523 sexto,
595 451 698 512 Antias
719 451 765 514 se·

101 528 201 601 tundo,
221 551 238 584 α
250 531 324 591 duos
358 529 538 614 pontificales
560 532 698 606 Latinos,
716 550 764 592 to·

108 627 124 660 n
131 608 206 690 tidem
214 607 336 672 Graetos
347 629 492 694 praecepta
498 611 688 693 philosophiae
696 634 763 674 con·

107 707 122 740 υ
134 689 238 750 sinentes
249 691 367 754 u.ldem
378 695 464 755 tertio
495 696 574 767 onia,
587 716 606 748 u
616 713 675 774 quo
687 713 766 754 com·

102 767 181 828 »buri
195 790 244 832 eos
263 772 406 914 placuerit
420 799 450 834 u.
467 715 493 834 l

482 790 545 834 nter
563 793 667 834 omues
690 773 764 836 veru

99 852 218 911 convenit
237 851 266 912 Si
288 854 383 934 yllam
403 855 440 914 ad
450 853 639 937 Tarquinium
658 851 766 936 Super·

98 924 155 988 bum
167 948 221 993 tres
239 933 335 995 libros
358 933 486 996 adtulisse
500 958 507 995 ε
522 955 558 996 ex
578 936 682 1016 quibus
703 938 763 1019 igni

97 1006 146 1068 duo
161 1017 275 1075 cremati
294 1015 333 1075 ab
350 1016 431 1098 ipsa,
449 1017 548 1076 tertius
559 1035 625 1076 cum
645 1011 766 1098 Capito·

98 1086 130 1148 lio
147 1089 263 1154 Sullanis
280 1097 484 1178 temporibus.v
495 1095 635 1157 Praeterea
647 1096 764 1158 Mucia*

97 1187 140 1229 nus
153 1188 195 1232 ter
213 1176 315 1238 consul
332 1176 462 1259 prodidit
483 1198 573 1259 nuper
595 1175 624 1238 se
645 1175 762 1259 legiffe‚

97 1249 151 1336 firm
169 1257 337 1334 praesideret
350 1257 469 1338 Lycia,
484 1255 656 1339 Sarpedonis
667 1257 766 1320 aTro·

95 1328 119 1406 Ji
136 1331 262 1416 scriptam
288 1341 322 1399 in
349 1337 477 1419 quodam
497 1339 609 1420 templo
634 1337 763 1420 epillolae

95 1409 213 1477 thartam.
222 1415 322 1497 Quod
338 1421 374 1480 eb
389 1420 478 1500 magis
497 1421 604 1492 miror,
621 1420 646 1478 si
662 1421 764 1480 etiam-s

96 1509 154 1552 num
163 1494 295 1561 Homero
306 1499 762 1582 condenteAEgyptusnonerats

97 1588 221 1650 auteur,
240 1583 264 1640 si
286 1579 346 1660 jam
365 1580 412 1640 hic
429 1597 488 1640 erat
506 1579 630 1652 usus,in
641 1581 703 1662 ipsi
714 1579 762 1640 illl

97 1647 175 1732 Lycia
190 1657 411 1742 Bellerophonti
426 1658 576 1720 codicillos
592 1661 689 1730 datos,
703 1681 763 1721 non
794 1661 796 1668 '

100 1733 215 1812 tpillolas
230 1783 240 1816 ,
254 1741 394 1825 prodidit
410 1738 595 1802 sterilitatem
611 1739 694 1802 sentit
704 1740 762 1802 hoe

99 1833 215 1898 quoque:
229 1821 395 1906 fanumque
417 1820 474 1902 jam
492 1817 613 1882 Tiberio
637 1823 764 1902 principe

103 1892 182 1978 luopil
201 1901 328 1975 chartae,
345 1919 377 1964 ut
397 1923 414 1962 e
433 1899 531 1963 senatu
542 1900 675 1962 darentur
687 1901 764 1962 arbi·

104 1975 130 2110 ld
149 1979 364 2063 dispensandae:
394 1983 462 2044 aliis
492 1984 522 2043 in
546 1982 671 2043 tumultu
690 1985 764 2045 ,vita

121 2073 156 2118 ut.

108 2171 112 2184 ·
134 2136 265 2208 ΧΧΣῙΙΙΙ.Ι
282 2165 329 2221 14.
349 2144 513 2227 AEthiopia,
537 2143 594 2227 AEg
618 2161 670 2227 pto
689 2165 763 2205 eon·

106 2224 219 2300 lnarina,
233 2229 362 2309 insignes
382 2225 498 2288 arbores
509 2245 569 2288 non
598 2246 647 2286 ere
659 2225 762 2297 habet,

159 2324 185 2364 et
205 2308 358 2380 laniferas,
388 2324 628 2388 quarumnatura
657 2308 687 2366 in
705 2307 762 2366 de·-

120 2383 236 2463 elutione
249 2387 387 2450 Indorum
400 2404 485 2469 atque
496 2386 612 2448 Arabia
626 2385 698 2448 diua
709 2385 762 2447 est.

109 2451 204 2544 Propior
224 2467 406 2530 tamenhuic
425 2485 523 2528 natura
547 2469 636 2540 lunas,
655 2463 762 2542 major·

106 2556 148 2617 que
165 2546 306 2611 folliculus
322 2550 428 2631 granati
449 2547 540 2608 modo
549 2541 763 2606 malissimiles·

105 2637 147 2698 (lle
160 2628 189 2690 δι
202 2633 279 2692 inter
297 2628 324 2692 se
345 2630 463 2690 arbores
480 2625 557 2708 ipsae.
575 2623 763 2686 Praeterhanc

103 2701 206 2836 palma,
230 2709 328 2793 quales
351 2710 510 2770 retulimus.
534 2704 689 2768 Insularum
714 2725 763 2766 ar·

118 2799 170 2847 ores
188 2793 296 2854 ambitu
317 2789 473 2870 AEtlriopiae
484 2789 542 2862 ,-&
556 2807 676 2850 nemora
687 2785 764 2851 odo·

104 2876 162 2946 1³1³,
173 2871 202 2934 in
218 2873 366 2938 mentione
384 2889 481 2936 earum
499 2867 573 2934 uitta
591 2865 666 2932 sunt.
713 2923 717 2930 .
753 2919 758 2929 .
