<?xml version="1.0" encoding="UTF-8"?>
<!DOCTYPE html PUBLIC "-//W3C//DTD XHTML 1.0 Transitional//EN"
    "http://www.w3.org/TR/xhtml1/DTD/xhtml1-transitional.dtd">
<html xmlns="http://www.w3.org/1999/xhtml" xml:lang="en" lang="en">
 <head>
  <title>
</title>
<meta http-equiv="Content-Type" content="text/html;charset=utf-8" />
  <meta name='ocr-system' content='tesseract 3.04.00' />
  <meta name='ocr-capabilities' content='ocr_page ocr_carea ocr_par ocr_line ocrx_word'/>
</head>
<body>
  <div class='ocr_page' id='page_1' title='image "./caiipliniisecun01brotgoog_0114.png"; bbox 0 0 1942 3586; ppageno 0'>
   <div class='ocr_carea' id='block_1_1' title="bbox 226 247 757 346">
    <p class='ocr_par' dir='ltr' id='par_1_1' title="bbox 226 247 757 346">
     <span class='ocr_line' id='line_1_1' title="bbox 226 247 757 346; baseline 0.008 -30"><span class='ocrx_word' id='word_1_1' title='bbox 226 248 429 318; x_wconf 70' lang='lat' dir='ltr'>Hieron.</span> <span class='ocrx_word' id='word_1_2' title='bbox 444 247 517 318; x_wconf 86' lang='lat' dir='ltr'>Lib.</span> <span class='ocrx_word' id='word_1_3' title='bbox 540 247 638 318; x_wconf 88' lang='lat' dir='ltr'><strong>XIV.</strong></span> <span class='ocrx_word' id='word_1_4' title='bbox 694 269 757 346; x_wconf 83' lang='lat'>¹05</span> 
     </span>
    </p>
   </div>
   <div class='ocr_carea' id='block_1_2' title="bbox 91 365 813 2615">
    <p class='ocr_par' dir='ltr' id='par_1_2' title="bbox 91 365 762 852">
     <span class='ocr_line' id='line_1_2' title="bbox 98 365 762 530; baseline -0.002 -23"><span class='ocrx_word' id='word_1_5' title='bbox 98 365 762 530; x_wconf 54' lang='lat' dir='ltr'>{reuellens’nanninus</span> 
     </span>
     <span class='ocr_line' id='line_1_3' title="bbox 100 526 762 599; baseline 0 -13"><span class='ocrx_word' id='word_1_6' title='bbox 100 547 126 587; x_wconf 90' lang='lat' dir='ltr'>re</span> <span class='ocrx_word' id='word_1_7' title='bbox 141 527 220 599; x_wconf 61' lang='lat' dir='ltr'>diela,</span> <span class='ocrx_word' id='word_1_8' title='bbox 237 531 268 590; x_wconf 88' lang='lat' dir='ltr'>in</span> <span class='ocrx_word' id='word_1_9' title='bbox 286 529 353 590; x_wconf 89' lang='lat' dir='ltr'>loco</span> <span class='ocrx_word' id='word_1_10' title='bbox 396 531 510 588; x_wconf 81' lang='lat' dir='ltr'>roximo</span> <span class='ocrx_word' id='word_1_11' title='bbox 532 526 620 588; x_wconf 83' lang='lat' dir='ltr'>ltaliae</span> <span class='ocrx_word' id='word_1_12' title='bbox 638 527 762 588; x_wconf 88' lang='lat' dir='ltr'>laudan·</span> 
     </span>
     <span class='ocr_line' id='line_1_4' title="bbox 103 551 760 692; baseline 0.006 -26"><span class='ocrx_word' id='word_1_13' title='bbox 103 623 138 666; x_wconf 85' lang='lat' dir='ltr'>nr</span> <span class='ocrx_word' id='word_1_14' title='bbox 158 609 312 692; x_wconf 69' lang='lat' dir='ltr'>praecipue.</span> <span class='ocrx_word' id='word_1_15' title='bbox 342 551 394 668; x_wconf 64' lang='lat' dir='ltr'>El</span> <span class='ocrx_word' id='word_1_16' title='bbox 418 610 448 668; x_wconf 89' lang='lat' dir='ltr'>in</span> <span class='ocrx_word' id='word_1_17' title='bbox 469 608 573 670; x_wconf 71' lang='lat' dir='ltr'>eidem</span> <span class='ocrx_word' id='word_1_18' title='bbox 596 605 710 680; x_wconf 73' lang='lat' dir='ltr'>Sicilia,</span> <span class='ocrx_word' id='word_1_19' title='bbox 726 609 760 670; x_wconf 89' lang='lat'>&amp;</span> 
     </span>
     <span class='ocr_line' id='line_1_5' title="bbox 102 685 762 784; baseline 0.003 -37"><span class='ocrx_word' id='word_1_20' title='bbox 102 685 324 751; x_wconf 84' lang='lat' dir='ltr'>Taurominiranis</span> <span class='ocrx_word' id='word_1_21' title='bbox 347 691 458 761; x_wconf 86' lang='lat' dir='ltr'>honos,</span> <span class='ocrx_word' id='word_1_22' title='bbox 479 688 586 784; x_wconf 83' lang='lat' dir='ltr'>lagenis</span> <span class='ocrx_word' id='word_1_23' title='bbox 605 709 661 771; x_wconf 89' lang='lat' dir='ltr'>pro</span> <span class='ocrx_word' id='word_1_24' title='bbox 688 687 762 750; x_wconf 84' lang='lat' dir='ltr'>Ma·</span> 
     </span>
     <span class='ocr_line' id='line_1_6' title="bbox 91 768 587 852; baseline 0.004 -24"><span class='ocrx_word' id='word_1_25' title='bbox 91 773 204 832; x_wconf 78' lang='lat' dir='ltr'>¹inertino</span> <span class='ocrx_word' id='word_1_26' title='bbox 223 771 397 852; x_wconf 87' lang='lat' dir='ltr'>plerumque</span> <span class='ocrx_word' id='word_1_27' title='bbox 415 768 542 830; x_wconf 79' lang='lat' dir='ltr'>subditis.</span> <span class='ocrx_word' id='word_1_28' title='bbox 586 793 587 798; x_wconf 48' lang='lat'>¹</span> 
     </span>
    </p>

    <p class='ocr_par' dir='ltr' id='par_1_3' title="bbox 93 847 813 2615">
     <span class='ocr_line' id='line_1_7' title="bbox 127 847 761 933; baseline 0.003 -23"><span class='ocrx_word' id='word_1_29' title='bbox 127 848 165 910; x_wconf 82' lang='lat' dir='ltr'>Ex</span> <span class='ocrx_word' id='word_1_30' title='bbox 184 852 304 933; x_wconf 86' lang='lat' dir='ltr'>reliquis</span> <span class='ocrx_word' id='word_1_31' title='bbox 324 865 454 910; x_wconf 88' lang='lat' dir='ltr'>autema</span> <span class='ocrx_word' id='word_1_32' title='bbox 476 849 579 931; x_wconf 89' lang='lat' dir='ltr'>supero</span> <span class='ocrx_word' id='word_1_33' title='bbox 592 852 665 911; x_wconf 87' lang='lat' dir='ltr'>mari</span> <span class='ocrx_word' id='word_1_34' title='bbox 684 847 761 912; x_wconf 71' lang='lat' dir='ltr'>Pra-</span> 
     </span>
     <span class='ocr_line' id='line_1_8' title="bbox 96 927 762 1014; baseline 0.002 -24"><span class='ocrx_word' id='word_1_35' title='bbox 96 931 156 991; x_wconf 81' lang='lat' dir='ltr'>tutia</span> <span class='ocrx_word' id='word_1_36' title='bbox 176 949 261 1014; x_wconf 81' lang='lat' dir='ltr'>atque</span> <span class='ocrx_word' id='word_1_37' title='bbox 281 931 408 992; x_wconf 81' lang='lat' dir='ltr'>Ancone</span> <span class='ocrx_word' id='word_1_38' title='bbox 434 927 592 1004; x_wconf 78' lang='lat' dir='ltr'>nascentia,</span> <span class='ocrx_word' id='word_1_39' title='bbox 612 932 645 992; x_wconf 90' lang='lat'>&amp;</span> <span class='ocrx_word' id='word_1_40' title='bbox 663 951 727 1012; x_wconf 84' lang='lat' dir='ltr'>quae</span> <span class='ocrx_word' id='word_1_41' title='bbox 744 954 762 994; x_wconf 86' lang='lat' dir='ltr'>a</span> 
     </span>
     <span class='ocr_line' id='line_1_9' title="bbox 95 1009 763 1094; baseline 0.003 -24"><span class='ocrx_word' id='word_1_42' title='bbox 95 1011 176 1090; x_wconf 69' lang='lat' dir='ltr'>palmi</span> <span class='ocrx_word' id='word_1_43' title='bbox 193 1013 251 1074; x_wconf 67' lang='lat' dir='ltr'>una</span> <span class='ocrx_word' id='word_1_44' title='bbox 273 1011 352 1072; x_wconf 72' lang='lat' dir='ltr'>forte</span> <span class='ocrx_word' id='word_1_45' title='bbox 368 1025 451 1071; x_wconf 84' lang='lat' dir='ltr'>enata</span> <span class='ocrx_word' id='word_1_46' title='bbox 466 1009 623 1072; x_wconf 72' lang='lat' dir='ltr'>Palmensis</span> <span class='ocrx_word' id='word_1_47' title='bbox 633 1013 763 1094; x_wconf 81' lang='lat' dir='ltr'>appella-</span> 
     </span>
     <span class='ocr_line' id='line_1_10' title="bbox 94 1089 763 1162; baseline 0.006 -12"><span class='ocrx_word' id='word_1_48' title='bbox 94 1111 163 1153; x_wconf 81' lang='lat' dir='ltr'>vere.</span> <span class='ocrx_word' id='word_1_49' title='bbox 180 1091 213 1152; x_wconf 91' lang='lat' dir='ltr'>ln</span> <span class='ocrx_word' id='word_1_50' title='bbox 226 1093 443 1154; x_wconf 87' lang='lat' dir='ltr'>mediterraneo</span> <span class='ocrx_word' id='word_1_51' title='bbox 463 1092 536 1152; x_wconf 76' lang='lat' dir='ltr'>vero</span> <span class='ocrx_word' id='word_1_52' title='bbox 559 1089 716 1162; x_wconf 75' lang='lat' dir='ltr'>Caesenatia</span> <span class='ocrx_word' id='word_1_53' title='bbox 727 1113 763 1154; x_wconf 82' lang='lat' dir='ltr'>ac</span> 
     </span>
     <span class='ocr_line' id='line_1_11' title="bbox 94 1170 762 1244; baseline 0.003 -12"><span class='ocrx_word' id='word_1_54' title='bbox 94 1170 304 1234; x_wconf 66' lang='lat' dir='ltr'>Maecenatiana.</span> <span class='ocrx_word' id='word_1_55' title='bbox 321 1172 355 1231; x_wconf 92' lang='lat' dir='ltr'>ln</span> <span class='ocrx_word' id='word_1_56' title='bbox 375 1170 538 1232; x_wconf 83' lang='lat' dir='ltr'>Veronensi</span> <span class='ocrx_word' id='word_1_57' title='bbox 555 1173 626 1232; x_wconf 89' lang='lat' dir='ltr'>item</span> <span class='ocrx_word' id='word_1_58' title='bbox 637 1173 762 1244; x_wconf 81' lang='lat' dir='ltr'>Raerica,</span> 
     </span>
     <span class='ocr_line' id='line_1_12' title="bbox 93 1250 764 1335; baseline 0.003 -23"><span class='ocrx_word' id='word_1_59' title='bbox 93 1250 208 1314; x_wconf 79' lang='lat' dir='ltr'>Falernis</span> <span class='ocrx_word' id='word_1_60' title='bbox 219 1255 334 1315; x_wconf 77' lang='lat' dir='ltr'>rantum</span> <span class='ocrx_word' id='word_1_61' title='bbox 344 1250 527 1333; x_wconf 86' lang='lat' dir='ltr'>posthabitaa</span> <span class='ocrx_word' id='word_1_62' title='bbox 537 1251 669 1335; x_wconf 83' lang='lat' dir='ltr'>Virgilio.</span> <span class='ocrx_word' id='word_1_63' title='bbox 685 1253 764 1321; x_wconf 68' lang='lat' dir='ltr'>Mox</span> 
     </span>
     <span class='ocr_line' id='line_1_13' title="bbox 94 1331 763 1403; baseline 0.003 -11"><span class='ocrx_word' id='word_1_64' title='bbox 94 1333 124 1392; x_wconf 94' lang='lat' dir='ltr'>ab</span> <span class='ocrx_word' id='word_1_65' title='bbox 140 1336 238 1396; x_wconf 88' lang='lat' dir='ltr'>intimo</span> <span class='ocrx_word' id='word_1_66' title='bbox 257 1337 324 1394; x_wconf 88' lang='lat' dir='ltr'>sinu</span> <span class='ocrx_word' id='word_1_67' title='bbox 346 1333 452 1403; x_wconf 85' lang='lat' dir='ltr'>maris,</span> <span class='ocrx_word' id='word_1_68' title='bbox 469 1331 603 1393; x_wconf 74' lang='lat' dir='ltr'>Adriane.</span> <span class='ocrx_word' id='word_1_69' title='bbox 622 1332 672 1393; x_wconf 89' lang='lat' dir='ltr'>Ab</span> <span class='ocrx_word' id='word_1_70' title='bbox 687 1333 763 1394; x_wconf 86' lang='lat' dir='ltr'>infe-</span> 
     </span>
     <span class='ocr_line' id='line_1_14' title="bbox 93 1410 765 1486; baseline 0.004 -15"><span class='ocrx_word' id='word_1_71' title='bbox 93 1434 122 1473; x_wconf 90' lang='lat' dir='ltr'>ro</span> <span class='ocrx_word' id='word_1_72' title='bbox 139 1424 238 1476; x_wconf 76' lang='lat' dir='ltr'>autem&#39;</span> <span class='ocrx_word' id='word_1_73' title='bbox 248 1413 443 1482; x_wconf 83' lang='lat' dir='ltr'>Latiniensia,</span> <span class='ocrx_word' id='word_1_74' title='bbox 463 1410 636 1474; x_wconf 81' lang='lat' dir='ltr'>Graviscana</span> <span class='ocrx_word' id='word_1_75' title='bbox 648 1455 657 1486; x_wconf 92' lang='lat'>‚</span> <span class='ocrx_word' id='word_1_76' title='bbox 670 1411 765 1474; x_wconf 77' lang='lat' dir='ltr'>Stato-</span> 
     </span>
     <span class='ocr_line' id='line_1_15' title="bbox 93 1493 767 1575; baseline 0.001 -21"><span class='ocrx_word' id='word_1_77' title='bbox 93 1496 201 1558; x_wconf 87' lang='lat' dir='ltr'>niensia.</span> <span class='ocrx_word' id='word_1_78' title='bbox 224 1495 350 1556; x_wconf 83' lang='lat' dir='ltr'>Etruriae</span> <span class='ocrx_word' id='word_1_79' title='bbox 368 1493 492 1575; x_wconf 86' lang='lat' dir='ltr'>palmam</span> <span class='ocrx_word' id='word_1_80' title='bbox 510 1493 589 1554; x_wconf 86' lang='lat' dir='ltr'>Luna</span> <span class='ocrx_word' id='word_1_81' title='bbox 603 1494 767 1566; x_wconf 81' lang='lat' dir='ltr'>habet,Li·</span> 
     </span>
     <span class='ocr_line' id='line_1_16' title="bbox 111 1572 767 1656; baseline 0.003 -22"><span class='ocrx_word' id='word_1_82' title='bbox 111 1579 170 1636; x_wconf 81' lang='lat' dir='ltr'>uriae</span> <span class='ocrx_word' id='word_1_83' title='bbox 197 1574 314 1644; x_wconf 83' lang='lat' dir='ltr'>Genua.</span> <span class='ocrx_word' id='word_1_84' title='bbox 332 1572 409 1634; x_wconf 76' lang='lat' dir='ltr'>lnter</span> <span class='ocrx_word' id='word_1_85' title='bbox 426 1573 600 1654; x_wconf 71' lang='lat' dir='ltr'>Pyrenaeum</span> <span class='ocrx_word' id='word_1_86' title='bbox 615 1573 767 1656; x_wconf 75' lang='lat' dir='ltr'>Alpesque</span> 
     </span>
     <span class='ocr_line' id='line_1_17' title="bbox 93 1594 764 1737; baseline -0.004 -21"><span class='ocrx_word' id='word_1_87' title='bbox 93 1594 213 1718; x_wconf 71' lang='lat' dir='ltr'>llassilia</span> <span class='ocrx_word' id='word_1_88' title='bbox 250 1657 352 1716; x_wconf 89' lang='lat' dir='ltr'>emino</span> <span class='ocrx_word' id='word_1_89' title='bbox 368 1653 487 1737; x_wconf 72' lang='lat' dir='ltr'>sapore,</span> <span class='ocrx_word' id='word_1_90' title='bbox 510 1653 625 1735; x_wconf 85' lang='lat' dir='ltr'>quando</span> <span class='ocrx_word' id='word_1_91' title='bbox 644 1656 676 1716; x_wconf 91' lang='lat'>&amp;</span> <span class='ocrx_word' id='word_1_92' title='bbox 690 1675 764 1714; x_wconf 88' lang='lat' dir='ltr'>con·</span> 
     </span>
     <span class='ocr_line' id='line_1_18' title="bbox 93 1678 765 1874; baseline -0.001 -78"><span class='ocrx_word' id='word_1_93' title='bbox 93 1737 196 1798; x_wconf 87' lang='lat' dir='ltr'>diendis</span> <span class='ocrx_word' id='word_1_94' title='bbox 217 1678 283 1798; x_wconf 72' lang='lat' dir='ltr'>aliis</span> <span class='ocrx_word' id='word_1_95' title='bbox 301 1737 431 1817; x_wconf 83' lang='lat' dir='ltr'>pinguius</span> <span class='ocrx_word' id='word_1_96' title='bbox 445 1736 550 1816; x_wconf 82' lang='lat' dir='ltr'>gignit,</span> <span class='ocrx_word' id='word_1_97' title='bbox 560 1733 765 1874; x_wconf 56' lang='lat' dir='ltr'>guoflvocanr</span> 
     </span>
     <span class='ocr_line' id='line_1_19' title="bbox 94 1813 766 1884; baseline -0.001 -8"><span class='ocrx_word' id='word_1_98' title='bbox 94 1815 239 1880; x_wconf 73' lang='lat' dir='ltr'>lucrosum.</span> <span class='ocrx_word' id='word_1_99' title='bbox 257 1817 449 1879; x_wconf 85' lang='lat' dir='ltr'>Baeterrarunr</span> <span class='ocrx_word' id='word_1_100' title='bbox 470 1817 543 1874; x_wconf 85' lang='lat' dir='ltr'>intra</span> <span class='ocrx_word' id='word_1_101' title='bbox 592 1813 669 1872; x_wconf 87' lang='lat' dir='ltr'>allras</span> <span class='ocrx_word' id='word_1_102' title='bbox 694 1834 766 1884; x_wconf 77' lang='lat' dir='ltr'>con·¹</span> 
     </span>
     <span class='ocr_line' id='line_1_20' title="bbox 95 1892 768 1976; baseline 0.001 -21"><span class='ocrx_word' id='word_1_103' title='bbox 95 1898 156 1959; x_wconf 86' lang='lat' dir='ltr'>sistit</span> <span class='ocrx_word' id='word_1_104' title='bbox 173 1899 336 1966; x_wconf 71' lang='lat' dir='ltr'>auiioritas.</span> <span class='ocrx_word' id='word_1_105' title='bbox 355 1895 404 1956; x_wconf 90' lang='lat' dir='ltr'>De</span> <span class='ocrx_word' id='word_1_106' title='bbox 422 1894 539 1976; x_wconf 87' lang='lat' dir='ltr'>reliquis</span> <span class='ocrx_word' id='word_1_107' title='bbox 554 1896 584 1953; x_wconf 89' lang='lat' dir='ltr'>in</span> <span class='ocrx_word' id='word_1_108' title='bbox 601 1892 768 1966; x_wconf 59' lang='lat' dir='ltr'>Narbonem</span> 
     </span>
     <span class='ocr_line' id='line_1_21' title="bbox 97 1972 765 2062; baseline -0.003 -24"><span class='ocrx_word' id='word_1_109' title='bbox 97 1981 116 2038; x_wconf 82' lang='lat' dir='ltr'>si</span> <span class='ocrx_word' id='word_1_110' title='bbox 140 1983 241 2062; x_wconf 80' lang='lat' dir='ltr'>genitis</span> <span class='ocrx_word' id='word_1_111' title='bbox 272 1975 441 2038; x_wconf 84' lang='lat' dir='ltr'>adseverare</span> <span class='ocrx_word' id='word_1_112' title='bbox 467 1996 527 2034; x_wconf 88' lang='lat' dir='ltr'>non</span> <span class='ocrx_word' id='word_1_113' title='bbox 549 1972 611 2042; x_wconf 78' lang='lat' dir='ltr'>est:¹</span> <span class='ocrx_word' id='word_1_114' title='bbox 629 1978 765 2055; x_wconf 85' lang='lat' dir='ltr'>quoniam</span> 
     </span>
     <span class='ocr_line' id='line_1_22' title="bbox 98 2052 766 2138; baseline 0 -20"><span class='ocrx_word' id='word_1_115' title='bbox 98 2057 231 2122; x_wconf 84' lang='lat' dir='ltr'>officinam</span> <span class='ocrx_word' id='word_1_116' title='bbox 256 2057 320 2137; x_wconf 84' lang='lat' dir='ltr'>ejus</span> <span class='ocrx_word' id='word_1_117' title='bbox 340 2058 382 2118; x_wconf 86' lang='lat' dir='ltr'>rei</span> <span class='ocrx_word' id='word_1_118' title='bbox 396 2055 491 2116; x_wconf 86' lang='lat' dir='ltr'>fecere</span> <span class='ocrx_word' id='word_1_119' title='bbox 507 2057 649 2138; x_wconf 85' lang='lat' dir='ltr'>tingentes</span> <span class='ocrx_word' id='word_1_120' title='bbox 663 2052 766 2134; x_wconf 85' lang='lat' dir='ltr'>furno,</span> 
     </span>
     <span class='ocr_line' id='line_1_23' title="bbox 96 2136 768 2224; baseline 0 -26"><span class='ocrx_word' id='word_1_121' title='bbox 96 2143 252 2224; x_wconf 84' lang='lat' dir='ltr'>utinamque</span> <span class='ocrx_word' id='word_1_122' title='bbox 265 2159 325 2198; x_wconf 91' lang='lat' dir='ltr'>non</span> <span class='ocrx_word' id='word_1_123' title='bbox 346 2139 379 2200; x_wconf 76' lang='grc' dir='ltr'>δι</span> <span class='ocrx_word' id='word_1_124' title='bbox 396 2136 510 2211; x_wconf 87' lang='lat' dir='ltr'>herbis,</span> <span class='ocrx_word' id='word_1_125' title='bbox 524 2157 556 2197; x_wconf 86' lang='lat' dir='ltr'>ac</span> <span class='ocrx_word' id='word_1_126' title='bbox 574 2136 768 2198; x_wconf 87' lang='lat' dir='ltr'>medicamini·</span> 
     </span>
     <span class='ocr_line' id='line_1_24' title="bbox 96 2217 813 2299; baseline 0.003 -19"><span class='ocrx_word' id='word_1_127' title='bbox 96 2219 143 2280; x_wconf 87' lang='lat' dir='ltr'>bus</span> <span class='ocrx_word' id='word_1_128' title='bbox 163 2222 271 2282; x_wconf 85' lang='lat' dir='ltr'>noxiis.</span> <span class='ocrx_word' id='word_1_129' title='bbox 295 2217 416 2299; x_wconf 87' lang='lat' dir='ltr'>Quippe</span> <span class='ocrx_word' id='word_1_130' title='bbox 427 2219 514 2280; x_wconf 80' lang='lat' dir='ltr'>eriam</span> <span class='ocrx_word' id='word_1_131' title='bbox 535 2218 619 2278; x_wconf 89' lang='lat' dir='ltr'>aloen</span> <span class='ocrx_word' id='word_1_132' title='bbox 635 2239 768 2282; x_wconf 63' lang='lat' dir='ltr'>mercane</span> <span class='ocrx_word' id='word_1_133' title='bbox 812 2295 813 2299; x_wconf 7' lang='grc' dir='ltr'><strong>Ἰ</strong></span> 
     </span>
     <span class='ocr_line' id='line_1_25' title="bbox 96 2297 769 2382; baseline 0.004 -22"><span class='ocrx_word' id='word_1_134' title='bbox 96 2316 153 2372; x_wconf 80' lang='lat' dir='ltr'>tur,</span> <span class='ocrx_word' id='word_1_135' title='bbox 172 2303 230 2382; x_wconf 68' lang='lat' dir='ltr'>qui</span> <span class='ocrx_word' id='word_1_136' title='bbox 249 2297 382 2381; x_wconf 87' lang='lat' dir='ltr'>saporem</span> <span class='ocrx_word' id='word_1_137' title='bbox 394 2299 522 2362; x_wconf 88' lang='lat' dir='ltr'>colorem</span> <span class='ocrx_word' id='word_1_138' title='bbox 544 2319 580 2358; x_wconf 91' lang='lat' dir='ltr'>ue</span> <span class='ocrx_word' id='word_1_139' title='bbox 599 2298 769 2363; x_wconf 72' lang='lat' dir='ltr'>adulterant·</span> 
     </span>
     <span class='ocr_line' id='line_1_26' title="bbox 130 2319 771 2462; baseline -0.003 -21"><span class='ocrx_word' id='word_1_140' title='bbox 130 2381 245 2442; x_wconf 76' lang='lat' dir='ltr'>Verum</span> <span class='ocrx_word' id='word_1_141' title='bbox 266 2381 299 2442; x_wconf 87' lang='lat'>&amp;</span> <span class='ocrx_word' id='word_1_142' title='bbox 315 2379 512 2462; x_wconf 85' lang='lat' dir='ltr'>longinquiora</span> <span class='ocrx_word' id='word_1_143' title='bbox 524 2319 614 2438; x_wconf 74' lang='lat' dir='ltr'>italiae</span> <span class='ocrx_word' id='word_1_144' title='bbox 628 2379 664 2438; x_wconf 86' lang='lat' dir='ltr'>ab</span> <span class='ocrx_word' id='word_1_145' title='bbox 676 2377 771 2439; x_wconf 84' lang='lat' dir='ltr'>Auso·</span> 
     </span>
     <span class='ocr_line' id='line_1_27' title="bbox 97 2455 771 2534; baseline -0.006 -14"><span class='ocrx_word' id='word_1_146' title='bbox 97 2463 142 2528; x_wconf 83' lang='lat' dir='ltr'>nio</span> <span class='ocrx_word' id='word_1_147' title='bbox 162 2465 257 2534; x_wconf 86' lang='lat' dir='ltr'>mari,</span> <span class='ocrx_word' id='word_1_148' title='bbox 275 2480 334 2521; x_wconf 90' lang='lat' dir='ltr'>non</span> <span class='ocrx_word' id='word_1_149' title='bbox 352 2478 447 2528; x_wconf 80' lang='lat' dir='ltr'>carent</span> <span class='ocrx_word' id='word_1_150' title='bbox 487 2459 578 2530; x_wconf 70' lang='lat' dir='ltr'>lorii,</span> <span class='ocrx_word' id='word_1_151' title='bbox 593 2455 771 2530; x_wconf 81' lang='lat' dir='ltr'>Tarentina,</span> 
     </span>
     <span class='ocr_line' id='line_1_28' title="bbox 97 2479 772 2615; baseline -0.01 -14"><span class='ocrx_word' id='word_1_152' title='bbox 97 2544 125 2601; x_wconf 77' lang='grc' dir='ltr'>δι</span> <span class='ocrx_word' id='word_1_153' title='bbox 143 2539 319 2614; x_wconf 70' lang='lat' dir='ltr'>Servitium,</span> <span class='ocrx_word' id='word_1_154' title='bbox 344 2543 377 2604; x_wconf 87' lang='lat'>&amp;</span> <span class='ocrx_word' id='word_1_155' title='bbox 401 2479 566 2600; x_wconf 69' lang='lat' dir='ltr'>Conienriae</span> <span class='ocrx_word' id='word_1_156' title='bbox 593 2539 714 2615; x_wconf 86' lang='lat' dir='ltr'>genita,</span> <span class='ocrx_word' id='word_1_157' title='bbox 738 2538 772 2600; x_wconf 65' lang='grc' dir='ltr'>ὃς</span> 
     </span>
    </p>
   </div>
   <div class='ocr_carea' id='block_1_3' title="bbox 98 2617 773 2766">
    <p class='ocr_par' dir='ltr' id='par_1_4' title="bbox 98 2617 773 2766">
     <span class='ocr_line' id='line_1_29' title="bbox 98 2617 773 2766; baseline -0.007 -85"><span class='ocrx_word' id='word_1_158' title='bbox 98 2619 249 2766; x_wconf 60' lang='lat' dir='ltr'>Terqgsae,</span> <span class='ocrx_word' id='word_1_159' title='bbox 265 2643 299 2682; x_wconf 91' lang='lat' dir='ltr'>ac</span> <span class='ocrx_word' id='word_1_160' title='bbox 323 2621 441 2691; x_wconf 85' lang='lat' dir='ltr'>Babiae,</span> <span class='ocrx_word' id='word_1_161' title='bbox 460 2617 630 2695; x_wconf 88' lang='lat' dir='ltr'>Lucanaque</span> <span class='ocrx_word' id='word_1_162' title='bbox 657 2634 773 2686; x_wconf 59' lang='lat' dir='ltr'>antece·</span> 
     </span>
    </p>
   </div>
   <div class='ocr_carea' id='block_1_4' title="bbox 98 2697 771 2772">
    <p class='ocr_par' dir='ltr' id='par_1_5' title="bbox 98 2697 771 2772">
     <span class='ocr_line' id='line_1_30' title="bbox 98 2697 771 2772; baseline -0.004 -9"><span class='ocrx_word' id='word_1_163' title='bbox 98 2701 151 2766; x_wconf 85' lang='lat' dir='ltr'>den</span> <span class='ocrx_word' id='word_1_164' title='bbox 193 2724 228 2765; x_wconf 85' lang='lat' dir='ltr'>us</span> <span class='ocrx_word' id='word_1_165' title='bbox 242 2701 397 2772; x_wconf 71' lang='lat' dir='ltr'>,Thurinis</span> <span class='ocrx_word' id='word_1_166' title='bbox 417 2698 563 2763; x_wconf 88' lang='lat' dir='ltr'>Omnium.</span> <span class='ocrx_word' id='word_1_167' title='bbox 580 2697 653 2768; x_wconf 76' lang='lat' dir='ltr'>vero</span> <span class='ocrx_word' id='word_1_168' title='bbox 671 2717 771 2766; x_wconf 82' lang='lat' dir='ltr'>eorum</span> 
     </span>
    </p>
   </div>
   <div class='ocr_carea' id='block_1_5' title="bbox 584 2775 651 2848">
    <p class='ocr_par' dir='ltr' id='par_1_6' title="bbox 584 2775 651 2848">
     <span class='ocr_line' id='line_1_31' title="bbox 584 2775 651 2848; baseline 0 0"><span class='ocrx_word' id='word_1_169' title='bbox 584 2775 651 2848; x_wconf 81' lang='lat' dir='ltr'>Ev.</span> 
     </span>
    </p>
   </div>
   <div class='ocr_carea' id='block_1_6' title="bbox 0 0 986 3586">
    <p class='ocr_par' dir='ltr' id='par_1_7' title="bbox 0 0 986 3586">
     <span class='ocr_line' id='line_1_32' title="bbox 0 0 986 3586; baseline 0 0"><span class='ocrx_word' id='word_1_170' title='bbox 0 0 986 3586; x_wconf 95' lang='lat' dir='ltr'> </span> 
     </span>
    </p>
   </div>
  </div>
 </body>
</html>
