1942 3586
165 289 174 297 -J
212 247 628 325 Histon.Lib.XV.
681 267 749 352 ης

78 377 133 434 buo
150 369 213 446 est,
236 371 360 452 providi
384 368 432 451 (si
454 370 547 432 lusen-
567 373 753 470 intelligere)

77 452 172 512 naturai
187 473 196 512 a
217 455 284 534 quip
307 451 510 512 etemul'emiae
520 451 699 514 nascentibus
709 477 753 515 va-

77 533 117 592 nis
134 535 173 592 uti
194 553 264 592 nece
288 553 304 592 e
325 553 386 593 non
406 531 466 592 est:
480 535 549 613 quin
563 535 655 594 immo
675 537 754 596 invi··

77 627 114 672 tat
126 613 162 674 ad
172 611 342 674 servandum
356 613 462 674 blanda
479 615 630 674 inveterati
641 615 749 677 caries:

77 692 139 754 oleo
153 693 244 754 noluit
264 695 361 774 parci,
380 693 449 754 fecit
490 683 559 754 ec'i
577 697 751 756 necessitate

77 773 264 854 promiscuum
283 777 315 836 δι
334 775 436 856 vulgo.
470 775 677 856 sincipatumin
690 775 749 838 hoc

78 873 186 936 quoque
206 855 290 916 bono
308 854 432 916 obtinuit
456 853 536 914 Italia
564 871 629 916 toto
655 856 751 931 orbe,

78 936 192 1000 maxime
211 953 281 1017 agro
307 933 494 1007 Venafrano,
517 923 633 1017 ejusque
688 954 751 998 arte

115 1037 139 1076 ae
159 1015 336 1076 Licinianum
365 1015 459 1076 fundit
480 1013 598 1076 oleum:
614 1036 652 1078 un
675 1038 692 1078 e
713 1018 748 1081 δι

77 1033 186 1157 diciniae
205 1096 295 1178 gloria
330 1099 452 1178 raecipua
471 1096 568 1157 olivae.
591 1095 753 1180 Unguenta

76 1174 145 1236 banc
161 1177 282 1258 palmam
303 1117 328 1236 d

78 1257 113 1315 sis
134 1259 234 1318 odore.
256 1255 403 1318 Dedit&
424 1255 567 1338 palatum,
579 1257 754 1320 delicatiore

77 1333 216 1398 sententid.
234 1335 284 1398 De
303 1355 401 1398 cetero
420 1337 521 1399 baccas
540 1338 656 1399 Licinia
672 1340 751 1400 nulle

78 1418 135 1476 avis
162 1420 281 1500 appetit.
313 1417 469 1501 Reliquum
491 1431 644 1480 'certamen
673 1423 751 1480 inter

80 1494 161 1558 lstriae
177 1515 283 1560 terram
301 1500 333 1562 δι
351 1497 464 1560 Baticae
487 1521 539 1581 par
566 1497 617 1561 est.
643 1497 751 1560 Vicina

78 1577 182 1640 bonitas
195 1580 370 1662 provinciis,
387 1597 511 1661 excepto
529 1578 637 1642 Africa
660 1578 751 1662 frugi·

80 1655 136 1720 iero
152 1658 223 1724 solo.
242 1657 344 1722 Cereri
363 1677 458 1722 totum
473 1659 504 1720 id
523 1669 623 1721 natura
634 1659 753 1721 conces*

81 1741 126 1800 sit:
144 1740 240 1802 oleum
261 1761 294 1800 ac
316 1741 417 1802 vinum
439 1760 500 1800 non
513 1740 615 1802 invidit
623 1743 751 1803 tantuma

81 1817 186 1903 satisque
222 1821 303 1882 lorice
323 1823 353 1880 in
372 1820 513 1882 messibus
527 1817 605 1881 fecit.
625 1819 753 1902 Reliqua

81 1903 171 1962 erroris
191 1842 298 1985 piena,
319 1921 407 1982 quem
431 1902 461 1960 in
481 1899 559 1960 nulli
585 1918 666 1983 parte
680 1903 752 1964 vite
772 1975 774 1982 γ

58 1993 64 2006 '
82 1986 300 2044 numerosiorem
319 1979 376 2042 ess'e
395 1979 579 2043 docebimus.

114 2082 138 2144 3.
151 2061 249 2127 Oliva
267 2060 397 2124 constant
407 2061 532 2131 nucleo,
545 2059 632 2135 oleo,
647 2075 765 2137 carne‚·‘

79 2144 203 2210 amussi:
221 2143 312 2206 sanies
331 2142 392 2204 haec
416 2140 457 2203 est
473 2139 535 2222 ejus
546 2163 649 2204 amara.
658 2143 703 2204 Fit
713 2165 750 2206 ex

80 2225 172 2303 aquis,
193 2224 263 2286 ideo
283 2223 455 2285 siccitatibus
481 2225 622 2286 minima:
639 2227 662 2285 ri
703 2228 751 2298 is,

80 2304 192 2384 copiosa.
212 2304 288 2366 Suus
304 2304 424 2385 quidem
439 2303 523 2367 oliva
536 2303 634 2367 succus
649 2245 752 2366 nidum

24 2403 32 2416 ¹
79 2379 226 2467 est,idque
249 2385 392 2468 praecipue
413 2406 449 2445 ex
468 2386 624 2447 immaturis
642 2385 751 2445 isnelli-

80 2463 180 2544 gimus,
197 2469 272 2528 sicut
286 2463 323 2525 de
343 2466 499 2546 omphacio
510 2465 673 2524 docuimus.
688 2463 751 2524 Au·

97 2560 152 2605 etur
162 2547 261 2608 oleum
277 2544 314 2606 ad
327 2544 442 2607 Arduri
455 2561 589 2604 exortum
599 2565 625 2604 a.
637 2541 667 2604 d.
680 2561 751 2604 xva.

78 2561 212 2687 ialendas
231 2624 388 2688 Odiobris:
406 2621 505 2706 postea
530 2621 626 2682 nuclei
643 2621 751 2682 incres-

78 2722 137 2765 cunt
156 2708 188 2770 &
205 2727 284 2770 caro.
307 2704 386 2768 Ciam
396 2706 505 2766 sitienti
520 2703 630 2764 imbres
638 2703 752 2784 copiosi

57 2784 235 2867 ⁸accedere,
258 2787 376 2854 vitiatur
404 2785 504 2850 oleum
532 2785 564 2848 in
595 2801 751 2850 amusan.

324 1176 430 1248 edire,
452 1177 672 1238 accommodato
702 1180 750 1260 ip·
