1942 3586
204 275 413 346 Hrsrott.
440 271 621 349 ttuxv.
676 293 740 372 153

77 391 133 454 tletn
152 393 185 456 δι
205 393 327 475 Lydiae,
346 415 410 476 quae
438 392 501 453 sunt
526 383 694 474 purp'ureae,
714 393 748 453 δε

75 474 253 546 mamillanae,
273 473 494 535 similitudinem
507 495 604 534 earum
620 467 747 533 habent:

76 555 102 614 lt
126 553 315 616 callistruthiae
346 572 449 637 patum
476 553 579 636 sapore
637 551 748 614 caelian-

74 635 174 708 tiores,
204 633 328 696 ficorum
371 636 503 696 omnium
542 574 747 716 frigillssimae.

75 712 141 775 Nam
160 716 196 777 de
215 713 378 787 Africanis,
420 737 468 776 uas
488 715 571 776 multi
590 713 748 796 praeferunt

74 795 186 869 curilis,
202 815 307 878 magna
328 739 449 878 quaellio
471 795 513 857 est
530 817 539 855 a
559 795 626 856 cltm
648 794 678 856 id
699 797 749 878 g'e·

75 879 158 937 ausin
176 875 309 938 Africam
331 877 496 959 nuperrime
513 877 674 950 transierit,
691 888 747 958 pa·

74 958 125 1015 tria
145 978 255 1018 nomen
274 957 426 1037 {obtinent
449 956 527 1018 Nam
547 957 745 1019 Alexandrina

75 1039 189 1179 {llll
203 1035 744 1197 ‘lu{²l‘¹³‘llzi{‡¹¹2l’‘l⁸¹l⁰l¹¹l‘

191 1162 199 1179 ο
559 1160 568 1190 ,
728 1151 745 1166 “

74 1200 123 1257 tina
134 1198 169 1260 de
184 1199 374 1281 praecocibus.
396 1196 468 1258 Sunt
486 1199 520 1260 ὃ(
535 1197 681 1260 austerum
693 1217 747 1260 no·

74 1280 141 1339 mina
156 1283 209 1354 iis,
226 1279 333 1352 Liviae,
353 1278 518 1360 Pompeia:
529 1277 668 1341 siccandis
680 1279 744 1340 haec

73 1355 132 1420 Sole
147 1362 176 1420 in
194 1380 306 1421 annuos
326 1357 391 1420 usus
417 1359 581 1440 aptissima,
593 1379 660 1421 cum
678 1365 745 1420 ma-

73 1437 159 1511 riscis,
177 1442 208 1503 &
226 1462 297 1522 quas
315 1438 485 1500 arundinum
496 1438 560 1500 folii
572 1441 744 1501 nraculava·

73 1521 127 1581 riat.
143 1519 190 1582 Est
207 1522 240 1583 δι
253 1521 456 1594 Herculanea,
474 1521 508 1582 δι
524 1521 694 1590 albicerata,
709 1523 744 1583 &

73 1602 150 1662 aratia
175 1602 257 1676 alba,
276 1601 412 1684 pediculo
439 1602 580 1673 minimo,
599 1601 745 1662 latissima.

74 1678 159 1744 Primo
179 1699 278 1742 autem
293 1683 429 1763 provenit
455 1681 655 1762 porphyricis,
677 1681 745 1743 lone

74 1764 179 1842 gissimo
202 1762 350 1844 pediculo.
368 1760 531 1823 Comitatus
543 1781 609 1821 eam
624 1781 642 1821 e
656 1761 744 1820 mini·

74 1844 121 1920 mis
140 1846 170 1906 ἃ
186 1844 349 1910 vilissimis,
393 1841 518 1922 opularis
547 1839 631 1901 ditia
660 1839 745 1902 Con·

75 1921 112 1982 tri
128 1926 282 1986 novissima
302 1921 353 1983 sub
371 1863 468 1983 llieme
481 1936 637 1982 maturatur
647 1920 745 1982 'cheli-

76 2001 159 2065 donia.
176 2003 248 2065 Sunt
264 2021 406 2144 praeterea
429 2001 540 2062 eaedem
561 1999 692 2062 serotiaae
710 2001 743 2064 δε

75 2101 224 2162 praecoces,
232 2085 263 2144 bi
276 2106 347 2157 erae,
357 2085 423 2144 alba
431 2104 464 2144 ac
473 2084 568 2166 nigra,
578 2103 644 2142 cum
655 2079 744 2146 melle

74 2164 265 2248 vindemiisque
275 2163 508 2226 maturescentes.
520 2161 658 2225 Serotinae
679 2165 711 2226 &
725 2185 744 2225 a

74 2247 145 2307 corio
166 2247 317 2329 appellatae
331 2246 420 2306 duco:
433 2266 470 2306 ea
487 2242 658 2307 Chalcidicis
675 2265 744 2326 qua·

74 2328 192 2388 rumdam
211 2326 313 2388 trifero
325 2344 483 2408 proventu,
494 2324 615 2388 Tarenti
630 2329 744 2387 tantum

73 2407 220 2485 praedulces
242 2407 413 2482 nascuntur,
432 2428 503 2488 quas
526 2424 636 2468 vocant
660 2425 744 2466 onas.

109 2485 180 2550 Cato
196 2489 234 2549 de
252 2487 313 2549 ficis
331 2491 370 2556 ita
387 2501 545 2548 memorat:
559 2484 672 2544 ‹cFicos
683 2505 744 2544 ma·

73 2586 90 2621 s
101 2566 176 2628 riscas
191 2571 221 2630 ἰιιΙ
237 2569 305 2631 loco
324 2567 437 2630 cretoso
458 2581 506 2624 aut
527 2581 627 2646 aperto
645 2560 744 2625 serito-

74 2645 130 2707 »ln
146 2649 214 2710 loco
234 2666 331 2713 autem
353 2647 494 2724 crassiore
513 2661 561 2706 aut
584 2641 746 2706 stercorato

75 2749 91 2782 s
103 2725 260 2804 Africanas,
276 2732 308 2792 &
318 2728 533 2799 Herculaneas,
553 2722 746 2807 Saguntinas,

73 2804 216 2887 hibernas,
229 2809 356 2875 Telanas
375 2826 447 2872 atras
459 2807 596 2949 pediculg
614 2807 749 2888 longou-

604 2908 633 2956 ar
