<?xml version="1.0" encoding="UTF-8"?>
<!DOCTYPE html PUBLIC "-//W3C//DTD XHTML 1.0 Transitional//EN"
    "http://www.w3.org/TR/xhtml1/DTD/xhtml1-transitional.dtd">
<html xmlns="http://www.w3.org/1999/xhtml" xml:lang="en" lang="en">
 <head>
  <title>
</title>
<meta http-equiv="Content-Type" content="text/html;charset=utf-8" />
  <meta name='ocr-system' content='tesseract 3.04.00' />
  <meta name='ocr-capabilities' content='ocr_page ocr_carea ocr_par ocr_line ocrx_word'/>
</head>
<body>
  <div class='ocr_page' id='page_1' title='image "./caiipliniisecun01brotgoog_0125.png"; bbox 0 0 1942 3586; ppageno 0'>
   <div class='ocr_carea' id='block_1_1' title="bbox 240 302 813 381">
    <p class='ocr_par' dir='ltr' id='par_1_1' title="bbox 240 302 813 381">
     <span class='ocr_line' id='line_1_1' title="bbox 240 302 813 381; baseline -0.005 -2"><span class='ocrx_word' id='word_1_1' title='bbox 240 309 306 381; x_wconf 86' lang='lat'>116</span> <span class='ocrx_word' id='word_1_2' title='bbox 358 310 393 380; x_wconf 82' lang='lat' dir='ltr'>C.</span> <span class='ocrx_word' id='word_1_3' title='bbox 414 309 590 377; x_wconf 74' lang='lat' dir='ltr'>Paruit</span> <span class='ocrx_word' id='word_1_4' title='bbox 624 302 813 377; x_wconf 65' lang='lat' dir='ltr'>Nava.</span> 
     </span>
    </p>
   </div>
   <div class='ocr_carea' id='block_1_2' title="bbox 220 423 968 2758">
    <p class='ocr_par' dir='ltr' id='par_1_2' title="bbox 233 423 968 752">
     <span class='ocr_line' id='line_1_2' title="bbox 235 423 968 510; baseline -0.007 -22"><span class='ocrx_word' id='word_1_5' title='bbox 235 429 355 510; x_wconf 82' lang='lat' dir='ltr'>congios</span> <span class='ocrx_word' id='word_1_6' title='bbox 383 426 455 488; x_wconf 87' lang='lat' dir='ltr'>duos</span> <span class='ocrx_word' id='word_1_7' title='bbox 480 423 580 500; x_wconf 86' lang='lat' dir='ltr'>musti,</span> <span class='ocrx_word' id='word_1_8' title='bbox 600 441 765 496; x_wconf 86' lang='lat' dir='ltr'>macerato,</span> <span class='ocrx_word' id='word_1_9' title='bbox 793 425 826 487; x_wconf 76' lang='grc' dir='ltr'>δι</span> <span class='ocrx_word' id='word_1_10' title='bbox 845 423 913 506; x_wconf 78' lang='lat' dir='ltr'>posi</span> <span class='ocrx_word' id='word_1_11' title='bbox 967 481 968 484; x_wconf 74' lang='grc'>,</span> 
     </span>
     <span class='ocr_line' id='line_1_3' title="bbox 234 504 914 590; baseline -0.006 -23"><span class='ocrx_word' id='word_1_12' title='bbox 234 507 388 590; x_wconf 91' lang='lat' dir='ltr'>septimum</span> <span class='ocrx_word' id='word_1_13' title='bbox 408 505 536 568; x_wconf 85' lang='lat' dir='ltr'>mensem</span> <span class='ocrx_word' id='word_1_14' title='bbox 557 504 704 566; x_wconf 81' lang='lat' dir='ltr'>transfuso.</span> <span class='ocrx_word' id='word_1_15' title='bbox 722 505 766 566; x_wconf 87' lang='lat' dir='ltr'>Ex</span> <span class='ocrx_word' id='word_1_16' title='bbox 784 506 848 565; x_wconf 90' lang='lat' dir='ltr'>loto</span> <span class='ocrx_word' id='word_1_17' title='bbox 868 526 914 563; x_wconf 85' lang='lat' dir='ltr'>ar,-</span> 
     </span>
     <span class='ocr_line' id='line_1_4' title="bbox 233 584 915 667; baseline -0.003 -19"><span class='ocrx_word' id='word_1_18' title='bbox 233 588 328 660; x_wconf 85' lang='lat' dir='ltr'>bore‚</span> <span class='ocrx_word' id='word_1_19' title='bbox 348 587 472 659; x_wconf 85' lang='lat' dir='ltr'>frutice,</span> <span class='ocrx_word' id='word_1_20' title='bbox 493 586 602 662; x_wconf 70' lang='lat' dir='ltr'>herbis,</span> <span class='ocrx_word' id='word_1_21' title='bbox 614 584 720 648; x_wconf 68' lang='lat' dir='ltr'>dissum</span> <span class='ocrx_word' id='word_1_22' title='bbox 732 584 772 648; x_wconf 85' lang='lat' dir='ltr'>est</span> <span class='ocrx_word' id='word_1_23' title='bbox 781 589 824 647; x_wconf 91' lang='lat' dir='ltr'>uti</span> <span class='ocrx_word' id='word_1_24' title='bbox 836 606 915 667; x_wconf 84' lang='lat' dir='ltr'>quae·</span> 
     </span>
     <span class='ocr_line' id='line_1_5' title="bbox 234 668 452 752; baseline 0.018 -24"><span class='ocrx_word' id='word_1_25' title='bbox 234 668 420 752; x_wconf 85' lang='lat' dir='ltr'>quesierem.</span> <span class='ocrx_word' id='word_1_26' title='bbox 448 725 452 732; x_wconf 92' lang='lat'><em>.</em></span> 
     </span>
    </p>

    <p class='ocr_par' dir='ltr' id='par_1_3' title="bbox 220 747 968 2758">
     <span class='ocr_line' id='line_1_6' title="bbox 275 747 916 829; baseline -0.003 -19"><span class='ocrx_word' id='word_1_27' title='bbox 275 748 405 810; x_wconf 88' lang='lat' dir='ltr'>Fiunt&amp;</span> <span class='ocrx_word' id='word_1_28' title='bbox 421 749 544 829; x_wconf 86' lang='lat' dir='ltr'><strong>epomis</strong></span> <span class='ocrx_word' id='word_1_29' title='bbox 564 767 628 828; x_wconf 88' lang='lat' dir='ltr'>quae</span> <span class='ocrx_word' id='word_1_30' title='bbox 652 747 801 820; x_wconf 84' lang='lat' dir='ltr'>dicemus,</span> <span class='ocrx_word' id='word_1_31' title='bbox 823 747 916 811; x_wconf 87' lang='lat' dir='ltr'>intet-</span> 
     </span>
     <span class='ocr_line' id='line_1_7' title="bbox 233 826 968 911; baseline -0.005 -21"><span class='ocrx_word' id='word_1_32' title='bbox 233 828 444 911; x_wconf 89' lang='lat' dir='ltr'>pretationibus</span> <span class='ocrx_word' id='word_1_33' title='bbox 462 849 522 894; x_wconf 87' lang='lat' dir='ltr'>non</span> <span class='ocrx_word' id='word_1_34' title='bbox 540 829 595 887; x_wconf 90' lang='lat' dir='ltr'>nisi</span> <span class='ocrx_word' id='word_1_35' title='bbox 616 826 777 888; x_wconf 82' lang='lat' dir='ltr'>necessariis</span> <span class='ocrx_word' id='word_1_36' title='bbox 790 827 915 890; x_wconf 87' lang='lat' dir='ltr'>additis:</span> <span class='ocrx_word' id='word_1_37' title='bbox 967 903 968 908; x_wconf 8' lang='grc' dir='ltr'>η</span> 
     </span>
     <span class='ocr_line' id='line_1_8' title="bbox 234 905 916 992; baseline -0.001 -23"><span class='ocrx_word' id='word_1_38' title='bbox 234 911 418 992; x_wconf 83' lang='lat' dir='ltr'>primumque</span> <span class='ocrx_word' id='word_1_39' title='bbox 433 929 450 968; x_wconf 89' lang='lat' dir='ltr'>e</span> <span class='ocrx_word' id='word_1_40' title='bbox 471 908 588 988; x_wconf 87' lang='lat' dir='ltr'>palmis,</span> <span class='ocrx_word' id='word_1_41' title='bbox 606 929 665 989; x_wconf 90' lang='lat' dir='ltr'>quo</span> <span class='ocrx_word' id='word_1_42' title='bbox 683 908 778 968; x_wconf 86' lang='lat' dir='ltr'>Parthi</span> <span class='ocrx_word' id='word_1_43' title='bbox 791 909 828 970; x_wconf 71' lang='grc' dir='ltr'>δι</span> <span class='ocrx_word' id='word_1_44' title='bbox 846 905 916 968; x_wconf 86' lang='lat' dir='ltr'>Indi</span> 
     </span>
     <span class='ocr_line' id='line_1_9' title="bbox 234 987 917 1068; baseline 0 -18"><span class='ocrx_word' id='word_1_45' title='bbox 234 1006 371 1061; x_wconf 87' lang='lat' dir='ltr'>utuntur,</span> <span class='ocrx_word' id='word_1_46' title='bbox 383 989 415 1050; x_wconf 75' lang='grc' dir='ltr'>ὃ(</span> <span class='ocrx_word' id='word_1_47' title='bbox 424 987 531 1050; x_wconf 87' lang='lat' dir='ltr'>Oriens</span> <span class='ocrx_word' id='word_1_48' title='bbox 537 1005 632 1048; x_wconf 87' lang='lat' dir='ltr'>totus:</span> <span class='ocrx_word' id='word_1_49' title='bbox 643 1005 832 1060; x_wconf 86' lang='lat' dir='ltr'>maturarum,</span> <span class='ocrx_word' id='word_1_50' title='bbox 842 1008 917 1068; x_wconf 85' lang='lat' dir='ltr'>quas</span> 
     </span>
     <span class='ocr_line' id='line_1_10' title="bbox 233 1068 968 1150; baseline -0.005 -18"><span class='ocrx_word' id='word_1_51' title='bbox 233 1085 341 1132; x_wconf 88' lang='lat' dir='ltr'>vocant</span> <span class='ocrx_word' id='word_1_52' title='bbox 358 1069 515 1148; x_wconf 83' lang='lat' dir='ltr'>chydaeas,</span> <span class='ocrx_word' id='word_1_53' title='bbox 527 1068 641 1128; x_wconf 87' lang='lat' dir='ltr'>modio</span> <span class='ocrx_word' id='word_1_54' title='bbox 653 1071 682 1128; x_wconf 93' lang='lat' dir='ltr'>in</span> <span class='ocrx_word' id='word_1_55' title='bbox 701 1091 783 1150; x_wconf 84' lang='lat' dir='ltr'>aquae</span> <span class='ocrx_word' id='word_1_56' title='bbox 803 1071 917 1150; x_wconf 87' lang='lat' dir='ltr'>congiis</span> <span class='ocrx_word' id='word_1_57' title='bbox 967 1137 968 1142; x_wconf 7' lang='grc' dir='ltr'>ἵ</span> 
     </span>
     <span class='ocr_line' id='line_1_11' title="bbox 235 1145 916 1230; baseline 0.003 -20"><span class='ocrx_word' id='word_1_58' title='bbox 235 1150 326 1210; x_wconf 88' lang='lat' dir='ltr'>tribus</span> <span class='ocrx_word' id='word_1_59' title='bbox 348 1166 516 1222; x_wconf 88' lang='lat' dir='ltr'>macerato,</span> <span class='ocrx_word' id='word_1_60' title='bbox 538 1146 736 1230; x_wconf 88' lang='lat' dir='ltr'>expressoque.</span> <span class='ocrx_word' id='word_1_61' title='bbox 760 1147 806 1208; x_wconf 86' lang='lat' dir='ltr'>Sic</span> <span class='ocrx_word' id='word_1_62' title='bbox 827 1145 861 1207; x_wconf 84' lang='lat' dir='ltr'>fit</span> <span class='ocrx_word' id='word_1_63' title='bbox 882 1150 916 1212; x_wconf 91' lang='lat'>&amp;</span> 
     </span>
     <span class='ocr_line' id='line_1_12' title="bbox 231 1228 916 1310; baseline -0.003 -18"><span class='ocrx_word' id='word_1_64' title='bbox 231 1229 343 1310; x_wconf 77' lang='lat' dir='ltr'>sycites</span> <span class='ocrx_word' id='word_1_65' title='bbox 364 1228 457 1290; x_wconf 77' lang='lat' dir='ltr'>esico</span> <span class='ocrx_word' id='word_1_66' title='bbox 478 1272 487 1302; x_wconf 94' lang='lat'><strong>‚</strong></span> <span class='ocrx_word' id='word_1_67' title='bbox 507 1250 594 1310; x_wconf 91' lang='lat' dir='ltr'>quem</span> <span class='ocrx_word' id='word_1_68' title='bbox 614 1229 662 1288; x_wconf 91' lang='lat' dir='ltr'>alii</span> <span class='ocrx_word' id='word_1_69' title='bbox 678 1230 916 1310; x_wconf 87' lang='lat' dir='ltr'>palmiprimum,</span> 
     </span>
     <span class='ocr_line' id='line_1_13' title="bbox 234 1307 968 1372; baseline 0.004 -2"><span class='ocrx_word' id='word_1_70' title='bbox 234 1311 281 1371; x_wconf 85' lang='lat' dir='ltr'>aiii</span> <span class='ocrx_word' id='word_1_71' title='bbox 301 1310 478 1370; x_wconf 87' lang='lat' dir='ltr'>catorchitcn</span> <span class='ocrx_word' id='word_1_72' title='bbox 494 1327 609 1370; x_wconf 85' lang='lat' dir='ltr'>vocant.</span> <span class='ocrx_word' id='word_1_73' title='bbox 630 1307 691 1370; x_wconf 84' lang='lat' dir='ltr'>Aur</span> <span class='ocrx_word' id='word_1_74' title='bbox 705 1312 728 1368; x_wconf 89' lang='lat' dir='ltr'>si</span> <span class='ocrx_word' id='word_1_75' title='bbox 747 1308 832 1371; x_wconf 90' lang='lat' dir='ltr'>dulce</span> <span class='ocrx_word' id='word_1_76' title='bbox 857 1309 917 1372; x_wconf 84' lang='lat' dir='ltr'>effe</span> <span class='ocrx_word' id='word_1_77' title='bbox 967 1339 968 1362; x_wconf 72' lang='lat'>2</span> 
     </span>
     <span class='ocr_line' id='line_1_14' title="bbox 233 1389 968 1473; baseline 0.001 -21"><span class='ocrx_word' id='word_1_78' title='bbox 233 1413 294 1452; x_wconf 89' lang='lat' dir='ltr'>non</span> <span class='ocrx_word' id='word_1_79' title='bbox 304 1392 391 1452; x_wconf 87' lang='lat' dir='ltr'>libeat</span> <span class='ocrx_word' id='word_1_80' title='bbox 400 1435 414 1464; x_wconf 92' lang='lat'>,.</span> <span class='ocrx_word' id='word_1_81' title='bbox 422 1412 476 1473; x_wconf 91' lang='lat' dir='ltr'>pro</span> <span class='ocrx_word' id='word_1_82' title='bbox 492 1391 566 1470; x_wconf 71' lang='lat' dir='ltr'>aqui</span> <span class='ocrx_word' id='word_1_83' title='bbox 580 1389 760 1452; x_wconf 83' lang='lat' dir='ltr'>tantumdem</span> <span class='ocrx_word' id='word_1_84' title='bbox 772 1393 916 1452; x_wconf 81' lang='lat' dir='ltr'>vinaceo·</span> <span class='ocrx_word' id='word_1_85' title='bbox 967 1393 968 1468; x_wconf 58' lang='grc' dir='ltr'><em>ᾗ</em></span> 
     </span>
     <span class='ocr_line' id='line_1_15' title="bbox 236 1468 968 1551; baseline 0.003 -19"><span class='ocrx_word' id='word_1_86' title='bbox 236 1493 302 1533; x_wconf 81' lang='lat' dir='ltr'>tum</span> <span class='ocrx_word' id='word_1_87' title='bbox 326 1469 469 1550; x_wconf 85' lang='lat' dir='ltr'>adjicitur.</span> <span class='ocrx_word' id='word_1_88' title='bbox 490 1468 643 1551; x_wconf 76' lang='lat' dir='ltr'>ECypriai</span> <span class='ocrx_word' id='word_1_89' title='bbox 662 1469 719 1531; x_wconf 85' lang='lat' dir='ltr'>sico</span> <span class='ocrx_word' id='word_1_90' title='bbox 744 1471 918 1534; x_wconf 86' lang='lat' dir='ltr'>&amp;acetum</span> <span class='ocrx_word' id='word_1_91' title='bbox 967 1487 968 1548; x_wconf 71' lang='lat'>}</span> 
     </span>
     <span class='ocr_line' id='line_1_16' title="bbox 234 1549 920 1634; baseline 0.003 -22"><span class='ocrx_word' id='word_1_92' title='bbox 234 1551 518 1634; x_wconf 87' lang='lat' dir='ltr'>praeccllens,arque</span> <span class='ocrx_word' id='word_1_93' title='bbox 528 1549 721 1610; x_wconf 74' lang='lat' dir='ltr'>Alexandrina</span> <span class='ocrx_word' id='word_1_94' title='bbox 730 1571 846 1632; x_wconf 91' lang='lat' dir='ltr'>quoque</span> <span class='ocrx_word' id='word_1_95' title='bbox 856 1575 920 1614; x_wconf 64' lang='lat' dir='ltr'>mo</span> 
     </span>
     <span class='ocr_line' id='line_1_17' title="bbox 234 1630 968 1713; baseline 0.005 -21"><span class='ocrx_word' id='word_1_96' title='bbox 234 1633 298 1693; x_wconf 87' lang='lat' dir='ltr'>lius.</span> <span class='ocrx_word' id='word_1_97' title='bbox 315 1631 424 1692; x_wconf 88' lang='lat' dir='ltr'>Vinum</span> <span class='ocrx_word' id='word_1_98' title='bbox 444 1630 494 1706; x_wconf 83' lang='lat' dir='ltr'>fit,</span> <span class='ocrx_word' id='word_1_99' title='bbox 512 1633 544 1694; x_wconf 75' lang='grc' dir='ltr'>ὃ(</span> <span class='ocrx_word' id='word_1_100' title='bbox 563 1653 580 1692; x_wconf 93' lang='lat' dir='ltr'>e</span> <span class='ocrx_word' id='word_1_101' title='bbox 600 1632 702 1713; x_wconf 72' lang='lat' dir='ltr'>siliqud</span> <span class='ocrx_word' id='word_1_102' title='bbox 723 1630 863 1712; x_wconf 74' lang='lat' dir='ltr'>Syriaci,</span> <span class='ocrx_word' id='word_1_103' title='bbox 883 1636 918 1696; x_wconf 90' lang='lat'>&amp;</span> <span class='ocrx_word' id='word_1_104' title='bbox 967 1681 968 1706; x_wconf 54' lang='lat'><em>2</em></span> 
     </span>
     <span class='ocr_line' id='line_1_18' title="bbox 234 1711 968 1794; baseline 0 -20"><span class='ocrx_word' id='word_1_105' title='bbox 234 1715 353 1793; x_wconf 86' lang='lat' dir='ltr'>epiris,</span> <span class='ocrx_word' id='word_1_106' title='bbox 370 1711 724 1794; x_wconf 88' lang='lat' dir='ltr'>malorumque·omnibus</span> <span class='ocrx_word' id='word_1_107' title='bbox 745 1714 914 1794; x_wconf 84' lang='lat' dir='ltr'>generibus.</span> <span class='ocrx_word' id='word_1_108' title='bbox 967 1737 968 1744; x_wconf 52' lang='lat'>¹</span> 
     </span>
     <span class='ocr_line' id='line_1_19' title="bbox 232 1791 918 1874; baseline 0.004 -20"><span class='ocrx_word' id='word_1_109' title='bbox 232 1791 325 1854; x_wconf 82' lang='lat' dir='ltr'>Sede</span> <span class='ocrx_word' id='word_1_110' title='bbox 346 1791 476 1864; x_wconf 89' lang='lat' dir='ltr'>Punicis,</span> <span class='ocrx_word' id='word_1_111' title='bbox 495 1791 575 1874; x_wconf 85' lang='lat' dir='ltr'>quod</span> <span class='ocrx_word' id='word_1_112' title='bbox 592 1794 706 1852; x_wconf 84' lang='lat' dir='ltr'>rhoiten</span> <span class='ocrx_word' id='word_1_113' title='bbox 726 1809 859 1854; x_wconf 86' lang='lat' dir='ltr'>vocant:</span> <span class='ocrx_word' id='word_1_114' title='bbox 883 1797 918 1858; x_wconf 73' lang='grc' dir='ltr'>δι</span> 
     </span>
     <span class='ocr_line' id='line_1_20' title="bbox 235 1871 919 1954; baseline 0.006 -20"><span class='ocrx_word' id='word_1_115' title='bbox 235 1896 253 1934; x_wconf 89' lang='lat' dir='ltr'>e</span> <span class='ocrx_word' id='word_1_116' title='bbox 266 1877 373 1946; x_wconf 86' lang='lat' dir='ltr'>cornis,</span> <span class='ocrx_word' id='word_1_117' title='bbox 383 1872 525 1954; x_wconf 89' lang='lat' dir='ltr'>mespilis,</span> <span class='ocrx_word' id='word_1_118' title='bbox 534 1871 640 1945; x_wconf 88' lang='lat' dir='ltr'>sorbis,</span> <span class='ocrx_word' id='word_1_119' title='bbox 651 1874 741 1934; x_wconf 85' lang='lat' dir='ltr'>moris</span> <span class='ocrx_word' id='word_1_120' title='bbox 752 1876 853 1946; x_wconf 88' lang='lat' dir='ltr'>siccis,</span> <span class='ocrx_word' id='word_1_121' title='bbox 864 1896 919 1938; x_wconf 88' lang='lat' dir='ltr'>nu·</span> 
     </span>
     <span class='ocr_line' id='line_1_21' title="bbox 235 1953 919 2034; baseline 0.006 -19"><span class='ocrx_word' id='word_1_122' title='bbox 235 1955 306 2016; x_wconf 88' lang='lat' dir='ltr'>cleis</span> <span class='ocrx_word' id='word_1_123' title='bbox 318 1956 419 2034; x_wconf 90' lang='lat' dir='ltr'>pineis.</span> <span class='ocrx_word' id='word_1_124' title='bbox 432 1954 472 2013; x_wconf 89' lang='lat' dir='ltr'>Hi</span> <span class='ocrx_word' id='word_1_125' title='bbox 491 1953 584 2014; x_wconf 86' lang='lat' dir='ltr'>musto</span> <span class='ocrx_word' id='word_1_126' title='bbox 615 1954 721 2014; x_wconf 83' lang='lat' dir='ltr'>madidi</span> <span class='ocrx_word' id='word_1_127' title='bbox 747 1958 919 2034; x_wconf 83' lang='lat' dir='ltr'>exprimun-</span> 
     </span>
     <span class='ocr_line' id='line_1_22' title="bbox 220 2032 919 2116; baseline 0.003 -20"><span class='ocrx_word' id='word_1_128' title='bbox 220 2039 305 2096; x_wconf 75' lang='lat' dir='ltr'>&#39;turz</span> <span class='ocrx_word' id='word_1_129' title='bbox 327 2032 470 2115; x_wconf 86' lang='lat' dir='ltr'>superiora</span> <span class='ocrx_word' id='word_1_130' title='bbox 493 2055 544 2114; x_wconf 86' lang='lat' dir='ltr'>per</span> <span class='ocrx_word' id='word_1_131' title='bbox 555 2033 679 2094; x_wconf 76' lang='lat' dir='ltr'>semitis.</span> <span class='ocrx_word' id='word_1_132' title='bbox 701 2033 846 2116; x_wconf 81' lang='lat' dir='ltr'>Myrtiten</span> <span class='ocrx_word' id='word_1_133' title='bbox 858 2035 919 2098; x_wconf 88' lang='lat' dir='ltr'>Ca·</span> 
     </span>
     <span class='ocr_line' id='line_1_23' title="bbox 234 2111 920 2199; baseline -0.007 -24"><span class='ocrx_word' id='word_1_134' title='bbox 234 2131 266 2175; x_wconf 87' lang='lat' dir='ltr'>ro</span> <span class='ocrx_word' id='word_1_135' title='bbox 276 2114 523 2196; x_wconf 87' lang='lat' dir='ltr'>quemadmodum</span> <span class='ocrx_word' id='word_1_136' title='bbox 536 2111 598 2174; x_wconf 87' lang='lat' dir='ltr'>fieri</span> <span class='ocrx_word' id='word_1_137' title='bbox 607 2115 751 2188; x_wconf 88' lang='lat' dir='ltr'>docuerit,</span> <span class='ocrx_word' id='word_1_138' title='bbox 766 2137 836 2176; x_wconf 85' lang='lat' dir='ltr'>mox</span> <span class='ocrx_word' id='word_1_139' title='bbox 847 2139 920 2199; x_wconf 87' lang='lat' dir='ltr'>pau.</span> 
     </span>
     <span class='ocr_line' id='line_1_24' title="bbox 233 2191 919 2260; baseline 0.004 -3"><span class='ocrx_word' id='word_1_140' title='bbox 233 2195 265 2258; x_wconf 93' lang='lat' dir='ltr'>lo</span> <span class='ocrx_word' id='word_1_141' title='bbox 283 2193 481 2255; x_wconf 88' lang='lat' dir='ltr'>indicabimus.</span> <span class='ocrx_word' id='word_1_142' title='bbox 505 2191 601 2254; x_wconf 83' lang='lat' dir='ltr'>Graeci</span> <span class='ocrx_word' id='word_1_143' title='bbox 623 2195 824 2258; x_wconf 67' lang='lat' dir='ltr'>verbosatio</span> <span class='ocrx_word' id='word_1_144' title='bbox 847 2219 919 2260; x_wconf 88' lang='lat' dir='ltr'>mo·</span> 
     </span>
     <span class='ocr_line' id='line_1_25' title="bbox 235 2273 918 2342; baseline 0.01 -8"><span class='ocrx_word' id='word_1_145' title='bbox 235 2275 286 2334; x_wconf 86' lang='lat' dir='ltr'>do.</span> <span class='ocrx_word' id='word_1_146' title='bbox 305 2273 403 2337; x_wconf 91' lang='lat' dir='ltr'>Ramis</span> <span class='ocrx_word' id='word_1_147' title='bbox 419 2276 610 2342; x_wconf 80' lang='lat' dir='ltr'>reneriscum</span> <span class='ocrx_word' id='word_1_148' title='bbox 627 2273 681 2334; x_wconf 89' lang='lat' dir='ltr'>suis</span> <span class='ocrx_word' id='word_1_149' title='bbox 702 2273 779 2336; x_wconf 89' lang='lat' dir='ltr'>soliis</span> <span class='ocrx_word' id='word_1_150' title='bbox 795 2279 826 2337; x_wconf 91' lang='lat' dir='ltr'>in</span> <span class='ocrx_word' id='word_1_151' title='bbox 843 2279 918 2342; x_wconf 81' lang='lat' dir='ltr'>albo</span> 
     </span>
     <span class='ocr_line' id='line_1_26' title="bbox 234 2352 920 2428; baseline 0.01 -13"><span class='ocrx_word' id='word_1_152' title='bbox 234 2353 330 2416; x_wconf 88' lang='lat' dir='ltr'>musto</span> <span class='ocrx_word' id='word_1_153' title='bbox 356 2352 499 2427; x_wconf 69' lang='lat' dir='ltr'>decedis,</span> <span class='ocrx_word' id='word_1_154' title='bbox 522 2357 614 2428; x_wconf 83' lang='lat' dir='ltr'>tusis,</span> <span class='ocrx_word' id='word_1_155' title='bbox 633 2355 736 2416; x_wconf 84' lang='lat' dir='ltr'>libram</span> <span class='ocrx_word' id='word_1_156' title='bbox 766 2358 795 2416; x_wconf 92' lang='lat' dir='ltr'>in</span> <span class='ocrx_word' id='word_1_157' title='bbox 822 2360 920 2422; x_wconf 84' lang='lat' dir='ltr'>tribus</span> 
     </span>
     <span class='ocr_line' id='line_1_27' title="bbox 235 2433 919 2516; baseline 0.012 -21"><span class='ocrx_word' id='word_1_158' title='bbox 235 2433 321 2495; x_wconf 87' lang='lat' dir='ltr'>musti</span> <span class='ocrx_word' id='word_1_159' title='bbox 345 2437 454 2516; x_wconf 85' lang='lat' dir='ltr'>congiis</span> <span class='ocrx_word' id='word_1_160' title='bbox 475 2433 703 2496; x_wconf 79' lang='lat' dir='ltr'>defervefaciunt</span> <span class='ocrx_word' id='word_1_161' title='bbox 715 2481 725 2510; x_wconf 88' lang='lat'><strong>,</strong></span> <span class='ocrx_word' id='word_1_162' title='bbox 737 2435 832 2498; x_wconf 89' lang='lat' dir='ltr'>donec</span> <span class='ocrx_word' id='word_1_163' title='bbox 853 2441 919 2502; x_wconf 91' lang='lat' dir='ltr'>duo</span> 
     </span>
     <span class='ocr_line' id='line_1_28' title="bbox 234 2513 920 2598; baseline 0.01 -23"><span class='ocrx_word' id='word_1_164' title='bbox 234 2513 384 2597; x_wconf 88' lang='lat' dir='ltr'>supersint.</span> <span class='ocrx_word' id='word_1_165' title='bbox 411 2513 505 2595; x_wconf 90' lang='lat' dir='ltr'>Quod</span> <span class='ocrx_word' id='word_1_166' title='bbox 522 2518 560 2575; x_wconf 89' lang='lat' dir='ltr'>ira</span> <span class='ocrx_word' id='word_1_167' title='bbox 579 2513 713 2576; x_wconf 85' lang='lat' dir='ltr'>silvestris</span> <span class='ocrx_word' id='word_1_168' title='bbox 734 2521 824 2598; x_wconf 90' lang='lat' dir='ltr'>myrti</span> <span class='ocrx_word' id='word_1_169' title='bbox 843 2519 920 2598; x_wconf 73' lang='lat' dir='ltr'>bac·</span> 
     </span>
     <span class='ocr_line' id='line_1_29' title="bbox 233 2594 919 2678; baseline 0.013 -23"><span class='ocrx_word' id='word_1_170' title='bbox 233 2598 275 2655; x_wconf 90' lang='lat' dir='ltr'>cis</span> <span class='ocrx_word' id='word_1_171' title='bbox 292 2594 395 2658; x_wconf 72' lang='lat' dir='ltr'>fadum</span> <span class='ocrx_word' id='word_1_172' title='bbox 414 2595 475 2669; x_wconf 88' lang='lat' dir='ltr'>est,</span> <span class='ocrx_word' id='word_1_173' title='bbox 490 2596 684 2678; x_wconf 84' lang='lat' dir='ltr'>myrtidanum</span> <span class='ocrx_word' id='word_1_174' title='bbox 703 2615 842 2661; x_wconf 84' lang='lat' dir='ltr'>vocatur:</span> <span class='ocrx_word' id='word_1_175' title='bbox 857 2600 919 2664; x_wconf 90' lang='lat' dir='ltr'>hoc</span> 
     </span>
     <span class='ocr_line' id='line_1_30' title="bbox 234 2679 448 2758; baseline 0.005 -22"><span class='ocrx_word' id='word_1_176' title='bbox 234 2696 335 2736; x_wconf 87' lang='lat' dir='ltr'>manus</span> <span class='ocrx_word' id='word_1_177' title='bbox 355 2679 448 2758; x_wconf 83' lang='lat' dir='ltr'>tingit.</span> 
     </span>
    </p>
   </div>
   <div class='ocr_carea' id='block_1_3' title="bbox 233 2737 919 2928">
    <p class='ocr_par' dir='ltr' id='par_1_4' title="bbox 233 2737 919 2928">
     <span class='ocr_line' id='line_1_31' title="bbox 233 2737 919 2840; baseline 0.01 -23"><span class='ocrx_word' id='word_1_178' title='bbox 233 2816 236 2825; x_wconf 76' lang='grc'>,</span> <span class='ocrx_word' id='word_1_179' title='bbox 274 2754 317 2816; x_wconf 86' lang='lat' dir='ltr'>Ex</span> <span class='ocrx_word' id='word_1_180' title='bbox 335 2755 378 2815; x_wconf 90' lang='lat' dir='ltr'>his</span> <span class='ocrx_word' id='word_1_181' title='bbox 398 2773 462 2836; x_wconf 84' lang='lat' dir='ltr'>quae</span> <span class='ocrx_word' id='word_1_182' title='bbox 482 2759 510 2816; x_wconf 91' lang='lat' dir='ltr'>in</span> <span class='ocrx_word' id='word_1_183' title='bbox 528 2756 618 2818; x_wconf 88' lang='lat' dir='ltr'>hortis</span> <span class='ocrx_word' id='word_1_184' title='bbox 639 2758 793 2840; x_wconf 84' lang='lat' dir='ltr'>gignuntur</span> <span class='ocrx_word' id='word_1_185' title='bbox 814 2760 848 2822; x_wconf 86' lang='lat' dir='ltr'>fit</span> <span class='ocrx_word' id='word_1_186' title='bbox 870 2737 919 2824; x_wconf 63' lang='lat' dir='ltr'>viss</span> 
     </span>
     <span class='ocr_line' id='line_1_32' title="bbox 234 2836 919 2928; baseline 0.009 -30"><span class='ocrx_word' id='word_1_187' title='bbox 234 2853 304 2898; x_wconf 85' lang='lat' dir='ltr'>num</span> <span class='ocrx_word' id='word_1_188' title='bbox 324 2856 340 2898; x_wconf 94' lang='lat' dir='ltr'>e</span> <span class='ocrx_word' id='word_1_189' title='bbox 356 2836 471 2928; x_wconf 83' lang='lat' dir='ltr'>radice,</span> <span class='ocrx_word' id='word_1_190' title='bbox 483 2836 616 2922; x_wconf 86' lang='lat' dir='ltr'>asparago</span> <span class='ocrx_word' id='word_1_191' title='bbox 627 2881 639 2911; x_wconf 87' lang='lat'>,</span> <span class='ocrx_word' id='word_1_192' title='bbox 649 2839 758 2912; x_wconf 71' lang='lat' dir='ltr'>curtili,</span> <span class='ocrx_word' id='word_1_193' title='bbox 770 2844 919 2928; x_wconf 73' lang='lat' dir='ltr'>origano¹</span> 
     </span>
    </p>
   </div>
   <div class='ocr_carea' id='block_1_4' title="bbox 0 0 976 3586">
    <p class='ocr_par' dir='ltr' id='par_1_5' title="bbox 0 0 976 3586">
     <span class='ocr_line' id='line_1_33' title="bbox 0 0 976 3586; baseline 0 0"><span class='ocrx_word' id='word_1_194' title='bbox 0 0 976 3586; x_wconf 95' lang='lat' dir='ltr'> </span> 
     </span>
    </p>
   </div>
  </div>
 </body>
</html>
