2012 3588
778 1 811 42 s

209 289 255 346 ιο
305 268 793 350 C.Prrrrt·1·Narua.

203 390 278 453 tium
297 387 359 468 ejus
376 391 405 450 in
424 389 529 462 libras,
549 407 594 452 vr.
615 389 701 473 Piper
717 392 837 477 longum
848 391 893 456 sai

204 471 312 533 cillime
347 471 523 538 adulteratur
558 469 759 535 Alexandrino
788 477 890 557 sinapi.

206 551 320 614 Emitur
337 554 367 613 in
388 553 494 626 libras,
511 571 542 612 x.
559 569 619 614 xv.
634 554 758 626 Album,
776 571 809 616 x.
827 564 890 618 vu'.

205 637 349 718 nigrum„
363 651 396 694 x.
411 653 457 694 lv.
478 632 571 694 Usum
581 655 584 662 ¹
594 631 655 714 eius
668 636 742 697 adeo
754 636 890 717 placuisse
915 705 918 710 ,

205 719 313 778 mirum
331 713 382 776 est.
401 712 435 779 ln
452 715 514 776 aliis
532 716 641 798 quippe
657 714 784 779 suavitas·
791 721 890 800 cepit,

203 798 235 858 in
257 799 317 858 aliis
335 794 445 878 species
463 797 595 857 invitavit
614 820 624 858 r
646 798 712 859 huic
733 819 787 860 nec
805 803 890 881 pomi

202 898 258 939 nec
272 878 369 939 baccae
395 877 611 940 commendatio
635 877 677 940 esi
696 879 732 940 ali
755 899 809 940 ua:
828 879 891 942 sola

203 959 320 1041 placere
338 958 539 1034 amaritudine,
554 960 586 1025 &
603 959 675 1021 lianc
689 962 719 1022 in
735 901 824 1024 ludos
835 983 888 1044 pe<

154 1067 157 1074 ’
204 1043 237 1102 ti.
257 1039 335 1122 Quis
353 1039 401 1101 illa
417 1041 527 1124 primus
544 1043 666 1123 experiri
684 1041 755 1112 cibis
773 1043 888 1106 uoluit?

204 1123 372 1184 autcuiina
415 1121 520 1182 etendd
539 1122 676 1184 aviditate
702 1122 809 1184 esurire
826 1145 889 1188 nort

203 1203 259 1272 fuir
274 1203 360 1264 satis?
400 1221 533 1285 numque
546 1202 676 1266 silvestre
687 1205 820 1287 gentibus
832 1203 888 1266 suis

205 1283 267 1359 est,
281 1285 314 1348 δι
328 1301 426 1346 tamen
442 1283 574 1366 pondere
593 1287 717 1359 emitur,
736 1302 768 1344 ur
784 1306 888 1351 aurum

204 1366 255 1430 vel
269 1383 430 1448 argentum.
450 1365 559 1448 Piperis
574 1367 708 1427 arborem
718 1362 776 1445 jam
788 1367 820 1427 dt
832 1365 888 1428 lta·
1000 1415 1001 1448 3

204 1449 242 1508 lia
260 1449 347 1511 habet
359 1445 500 1528 majorem
512 1464 629 1528 myrto,
640 1465 694 1510 nec
712 1447 887 1512 absimilem.
1000 1497 1001 1504 ,

206 1529 380 1593 Amaritudo
393 1547 489 1611 ¹grano
507 1528 610 1588 eadem
649 1550 692 1592 ua
712 1530 804 1610 piperi
824 1547 888 1593 mu·
1000 1523 1001 1582 Ϊ

204 1610 266 1674 steo
276 1611 399 1672 creditur
409 1608 474 1672 elle.
486 1607 579 1670 Deest
591 1550 648 1672 toli
675 1611 681 1624 ⁶
1000 1607 1001 1610 ’

649 1608 884 1684 arllamaturitas,
1000 1661 1001 1668 ,

206 1693 376 1775 ideoque&
389 1709 528 1788 ¹rugarum
540 1689 701 1774 colorisque
715 1692 886 1755 similitudo.

206 1771 394 1836 Adulteratur
411 1795 472 1853 jum
493 1775 534 1832 eri
553 1773 650 1834 baccis
665 1773 737 1834 mire
752 1775 814 1834 vim
823 1791 887 1834 tra·
975 1818 978 1826 .
999 1767 1000 1776 ’

207 1857 349 1916 bentibus.
364 1852 396 1914 ln
406 1795 536 1936 pondere
544 1853 662 1935 quidem
671 1854 768 1916 multis
779 1853 887 1920 modis·

210 1967 213 1972 ·
247 1936 315 1998 XV.
328 1933 376 1996 Est
391 1938 549 1996 etiamnum
565 1935 594 1993 in
611 1934 695 1998 India
705 1937 811 2017 piperis
822 1953 885 2019 gra·

206 2017 886 2100 nisimile,quodvocarurgaryophillon‚gran-

207 2102 271 2161 dius
289 2097 480 2182 fragiliusque.
502 2095 634 2160 Tradunt
656 2099 685 2158 in
703 2096 804 2160 Indico
816 2098 887 2160 luco

206 2181 237 2244 id
272 2183 338 2264 igni.
357 2177 523 2240 Advehitur
541 2177 640 2240 odoris
658 2178 756 2260 gratia
768 2178 835 2237 Fert
851 2181 884 2242 δι

204 2202 885 2421 arn2inermumrr

398 2383 408 2413 Ι
480 2379 481 2382 “
770 2379 779 2409 9

205 2424 312 2497 modo,
323 2425 407 2484 ramis
418 2425 504 2482 trium
516 2421 693 2492 cubitorum,
706 2419 885 2500 corticepal·

204 2507 285 2578 lido‚
300 2503 484 2574 radicalem,
499 2501 685 2584 limosique,
702 2500 792 2562 buxei
800 2500 884 2565 eolo-

203 2590 251 2648 ris.
279 2586 342 2648 Hac
359 2587 388 2648 in
409 2607 425 2646 a
446 2585 483 2646 ud
500 2605 568 2646 eum
584 2582 691 2648 semine
710 2581 831 2661 excepta
848 2583 885 2646 io

203 2688 282 2730 aereo
300 2666 366 2728 vase
383 2608 626 2728 medicamentum
655 2662 711 2733 fit,
729 2662 809 2746 quod
828 2685 884 2725 vo-

203 2767 282 2810 catut
302 2749 426 2830 Lycion.
442 2747 484 2808 Ea
503 2747 583 2830 spina
596 2747 629 2808 δι
641 2746 671 2806 in
679 2743 760 2808 Pelio
781 2762 885 2809 monte

202 2825 884 2916 nascitur,adulteratquemedicameutpmdtem
