1954 3594
167 289 386 361 nrsror.
412 289 484 360 us.
510 289 639 363 xvxi.
692 292 759 386 369
887 239 890 246 Δ

77 427 167 472 nem:
188 409 425 470 medicaminibus
444 408 690 470 adnumerandum
704 431 759 492 po-

77 491 132 550 tius
140 534 150 563 ‚
159 489 246 573 quiam
254 489 390 572 frugibus.
403 487 538 568 Ejusdem
546 507 651 550 naturae
658 492 761 552 &hon

79 574 211 645 minum,
224 593 241 630 a
256 568 367 632 Graecis
387 569 510 644 dissum,
527 569 577 630 sed
596 574 711 631 cumino
724 574 761 632 si·

79 652 164 724 mile,
187 649 289 712 seritur
306 671 373 712 cum
389 650 517 713 sesama:
538 651 611 725 hac,
631 654 664 714 ἃ
688 655 761 714 irio·
867 673 871 678 ·

79 753 134 805 ne,
158 733 271 792 nullum
290 731 393 791 animal
409 731 534 794 vescitur
547 733 716 794 virentibus.

117 811 414 875 XXIILPistutanon
424 811 667 876 omniumsacilis:
678 815 727 896 qui
748 861 751 869 r

80 912 116 974 pe
130 892 244 954 Etrurii
265 891 371 976 spicam
388 892 468 953 farris
491 892 557 954 tosti
568 893 677 976 pisente
696 835 760 976 pdd

81 973 266 1056 praeferrato,
288 972 382 1054 fistule
400 973 521 1048 serratd,
536 976 568 1037 &
586 973 666 1036 stelsd
683 979 759 1037 intus

82 1055 274 1130 denticulum,
287 1073 320 1115 ut
336 1057 389 1116 nisi
408 1057 508 1116 intenti
530 1055 644 1138 pisant,
661 1060 762 1117 conci-

81 1136 182 1195 dantur
204 1156 306 1218 grana,
324 1133 489 1218 sertumque
516 1134 668 1220 frangatur.
690 1137 761 1197 Ma·

82 1213 126 1297 jor
153 1238 219 1298 pars
246 1215 335 1276 Italiae
364 1215 449 1278 tuido
480 1218 567 1276 utitur
593 1218 674 1300 pilo:
691 1221 762 1281 rotis

83 1300 168 1357 etiam
210 1319 260 1358 uas
280 1317 352 1379 aqua
371 1295 467 1360 verset
487 1297 603 1372 obiter,
617 1299 763 1364 &molan

84 1373 131 1438 De
148 1317 214 1459 ipsd
231 1381 342 1438 ratione
367 1376 477 1458 pisendi
499 1376 635 1460 Magonis
651 1401 762 1462 propo,-

84 1475 165 1518 netur
176 1459 330 1520 sententia:
339 1459 463 1522 triticum
470 1458 535 1519 anri
544 1459 678 1542 perfundi
688 1461 763 1542 aqud

85 1539 173 1600 multa
191 1539 291 1622 jubet,
310 1537 411 1620 postea
436 1540 539 1612 evalli,
564 1541 671 1603 deinde
693 1539 762 1604 Sole

87 1622 223 1683 siccatum
232 1621 292 1702 pilo
302 1621 402 1701 repeti.
412 1618 502 1680 Simili
512 1621 764 1686 modohordeum.

86 1697 177 1780 Hujus
196 1699 334 1762 sextarios
352 1715 409 1763 xx.
427 1700 518 1784 spargi
539 1702 652 1763 duobus
672 1701 764 1764 sexta·

88 1783 165 1843 riisa
187 1803 243 1843 use.
266 1781 389 1842 Lentem
406 1799 517 1844 torrere
538 1785 638 1864 prius,
657 1783 764 1845 deinde

88 1883 151 1923 eum
166 1803 327 1924 sursuribus
349 1863 452 1923 leniter
469 1865 534 1944 pisi.
550 1861 612 1923 Aut
624 1863 723 1926 addito
734 1867 765 1924 in

89 1940 225 2005 sextarios
244 1961 299 2005 xx.
319 1943 413 2004 lateris
434 1944 515 2003 crudi
533 1940 638 2014 frusto,
657 1946 690 2006 δι
705 1965 767 2006 are·

91 2043 133 2084 nae
150 2025 292 2087 semodio.
308 2023 448 2084 Erviliam
462 2021 564 2083 iisdem
582 2023 693 2100 modis,
704 2027 769 2108 qui·

89 2103 142 2166 bus
159 2108 289 2167 lentem:
306 2097 440 2165 sesamam
463 2106 494 2164 in
519 2104 611 2165 casidd
637 2109 766 2167 macera-

90 2200 146 2246 tam
164 2188 327 2268 exporrigi:
347 2183 452 2246 deinde
465 2185 630 2261 confricari,
642 2189 675 2251 &
686 2185 765 2272 frigi·

92 2264 251 2350 demergi,
266 2284 305 2328 ut
324 2267 413 2348 paleae
431 2267 583 2340 fluduent,
594 2271 768 2353 ‘iterumque
795 2267 797 2272 ’

95 2366 129 2407 ex
150 2351 237 2432 orrigi
253 2350 282 2408 in
303 2345 370 2408 Sole
383 2347 472 2431 vsuper
492 2349 598 2411 lintea:
617 2351 769 2432 quodnisi

90 2370 224 2490 fesinare
241 2446 406 2512 peragatur,
428 2429 523 2490 lurido
534 2431 634 2489 colore
659 2427 770 2489 muces-

93 2529 168 2571 tere.
188 2509 225 2571 Et
239 2507 298 2591 ipsa
317 2526 431 2588 autem,
446 2527 510 2588 quae
530 2508 768 2581 evalluntut,va·

91 2591 164 2650 riam
174 2589 342 2673 pisturarum
353 2591 492 2649 rationem
501 2589 615 2648 habent.
626 2585 706 2648 Acus
719 2607 772 2648 vo·

96 2687 195 2744 catur,
216 2674 282 2732 citur
301 2691 353 2752 per
370 2667 399 2730 se
440 2670 521 2729 isitur
546 2667 640 2749 spica,
660 2669 773 2728 tantum

94 2749 245 2812 aurificum
264 2752 302 2813 ad
320 2749 395 2812 usus.
414 2689 532 2813 gravem
550 2751 579 2810 in
590 2749 657 2810 ared
672 2749 772 2826 teritur

97 2847 166 2908 ium
179 2831 301 2918 stipula,
317 2831 417 2918 palea,
431 2830 583 2916 utmajore
593 2833 772 2894 interraneis

456 2910 655 3000 ,Q
