1934 3592
193 282 263 372 130
312 249 766 347 &permissarum

192 395 289 468 ribus,
306 413 397 469 vere,
418 393 490 453 hori
502 393 558 454 diei
570 393 712 468 secundi,
725 393 820 476 lapide
833 393 875 456 its-¹

192 475 284 535 sullus
303 491 412 536 manat:
425 474 505 535 altiits
522 471 625 536 sradlus
642 479 734 537 siccus
742 477 872 540 uidetur.

191 555 319 617 Proximi
328 554 471 638 plerisque
481 555 579 636 adipes
592 580 599 618 :
612 557 632 616 ii
646 573 789 619 vocantur
802 579 877 619 aco-

190 637 254 698 lore
276 637 444 698 alburnum:
463 637 559 698 mollis
575 659 608 697 ac
620 641 744 714 pessima
763 660 830 720 pars
845 639 876 700 li·

191 720 263 802 gni,
284 720 373 779 etiam
389 720 418 778 in
438 718 545 780 robore
573 717 658 778 facile
687 718 874 801 putrescens,
956 775 957 780 ,

189 801 313 862 teredini
327 799 467 863 obnoxia:
486 817 572 882 quare
587 797 701 880 semper
709 801 878 880 amputabi·

190 897 248 941 rur.
272 879 375 941 Subest
401 881 466 941 huic
490 901 577 952 caro,
594 882 642 940 cui
661 877 737 942 olla:
755 881 787 941 id
809 879 877 956 est,

189 964 316 1022 materiae
336 964 489 1044 optimum.
508 961 662 1023 Alternant
677 961 801 1037 fruetus,
837 964 877 1022 ui·

189 1044 244 1104 bus
260 1044 359 1102 siccius
377 1041 505 1125 lignum,
525 1041 642 1104 utolea
654 1063 662 1102 ε
674 1062 720 1103 ma
740 1045 764 1104 's
783 983 876 1126 qucdtn

190 1123 294 1204 quibus
311 1139 483 1200 carnosum,¹
503 1139 536 1184 ut
552 1142 675 1186 cerasus.
727 1145 760 1185 ec
775 1127 876 1185 omni-

189 1203 243 1265 bus
266 1203 366 1285 adipes
381 1202 516 1266 carnesve
531 1205 615 1289 largae
626 1251 634 1276 ‚
647 1203 729 1266 sicuti
741 1223 804 1265 nec·
813 1207 876 1266 ani·

188 1284 308 1346 malium
339 1288 493 1348 acerrimis.
520 1285 665 1348 Neutrum
691 1285 800 1346 habent
821 1287 877 1347 bu·

188 1385 262 1436 xus,
276 1385 401 1440 cornus,
421 1367 504 1428 olea:
528 1387 582 1428 nec
605 1366 763 1428 medullam
787 1369 890 1430 minia-

187 1459 326 1530 mumque
337 1444 423 1509 etiam
432 1445 573 1531 sanguinis
583 1471 590 1510 τ
600 1450 673 1510 sicut
685 1445 743 1510 osl'a
753 1467 816 1509 non
828 1449 876 1509 ha·

188 1528 260 1588 bent
285 1527 384 1603 sorba,
411 1549 524 1590 carnem
548 1526 691 1601 sambuci,
710 1527 764 1610 (ἃ
781 1529 874 1611 pluti-

121 1649 124 1653 -
188 1619 266 1668 mam
295 1611 387 1670 ambae
414 1609 586 1672 medullam:
605 1609 619 1694 )
641 1631 696 1672 nec
718 1611 875 1673 arundines

187 1689 300 1768 majore
327 1711 362 1750 ex
408 1709 477 1752 arte.
688 1703 691 1711 ’
956 1695 957 1760 3

229 1769 366 1833 LXXIII.
384 1713 417 1834 In
436 1771 623 1856 qrrarumdam
645 1773 781 1834 arborum
811 1795 875 1835 car·
956 1779 957 1836 3

187 1851 271 1912 nibus
293 1851 389 1936 pulpae
405 1874 487 1915 venae
510 1874 545 1914 ue
560 1852 632 1914 sunt.
649 1853 816 1915 Discrimen
830 1875 876 1916 ea·

187 1952 253 1993 rum
268 1932 362 1996 facile.
386 1933 478 1995 Venae
490 1875 615 2028 ditiores
633 1935 875 2019 candidioresque
956 1951 957 1966 ³

187 2011 285 2095 p‘ulpae
307 2010 442 2076 fissilibus
463 2014 564 2076 insunt.
582 2013 655 2076 Ideo
675 2013 728 2088 fit,
752 2033 784 2076 ut
801 2037 872 2078 aure
956 2073 957 2082 ,

188 2095 226 2154 ad
244 2111 330 2176 caput
352 2095 438 2156 trabis
479 2097 622 2158 ¹uamlibet
641 2097 798 2180 praelongae
821 2095 878 2158 ard-⁴
956 2147 957 2176 ᾗ

188 2174 381 2250 motd‚·islus
397 2176 433 2235 ab
454 2115 545 2236 dItero
569 2180 661 2260 capite
687 2177 738 2240 vel
760 2179 872 2260 graphii

187 2253 339 2328 sentiatur,
354 2272 522 2337 penetrante
540 2255 624 2317 redis
634 2257 777 2320 meatibus
790 2257 872 2321 sono.
956 2269 957 2326 l

187 2335 276 2396 Unde
287 2336 573 2418 deprehenditur‚an
582 2355 658 2398 torta
671 2342 705 2400 sit
717 2343 873 2416 materies,

187 2416 330 2500 nodisque
343 2414 464 2479 concisa.
479 2414 596 2500 Quibus
618 2416 681 2480 sunt
698 2422 816 2494 tubera,
830 2423 872 2482 sic·

188 2487 252 2558 sunt
269 2499 396 2560 incarne
411 2500 533 2582 glandia.
549 2495 583 2560 ln
596 2501 630 2560 iis
646 2519 699 2562 nec
710 2523 803 2576 vena,
814 2523 871 2563 nec
956 2535 957 2570 t

187 2579 277 2660 pulpa
285 2625 299 2654 ‚.
310 2579 437 2663 quodam
461 2578 538 2642 callo
557 2583 648 2645 carnis
664 2585 695 2642 in
713 2579 743 2643 se
760 2603 872 2645 convo·
956 2599 957 2664 ᾖ

188 2659 260 2722 luto.
274 2659 342 2722 Hoc
359 2664 596 2745 pretiosissimum
612 2665 644 2722 in·
657 2667 748 2738 citro,
759 2665 793 2726 &
803 2683 870 2724 ace-
956 2721 957 2728 ,

188 2745 231 2800 r'e.
256 2739 362 2802 Cetera
385 2743 545 2804 mensarum
584 2751 670 2804 encra
689 2743 765 2804 fissis
785 2746 871 2804 arho-
956 2739 957 2800 ]

189 2816 273 2883 tibus·
286 2822 459 2912 circinantur
474 2826 503 2886 in
521 2842 560 2908 pu
607 2839 639 2887 m
656 2845 664 2887 ι
684 2825 792 2911 alioqui
813 2823 875 2887 snt·-¹
