1942 3586
214 288 284 378 146
343 287 381 358 C.
411 285 598 358 Prrn'rr
622 288 814 358 Natura.

215 409 272 491 pue
289 407 414 478 decora,
453 408 569 466 uoniam
587 407 664 468 &in
680 403 755 468 teda
773 404 832 485 jam
852 406 900 468 sil·

216 511 263 550 vae
282 488 427 549 scandunt.
480 487 601 547 uberum
620 486 679 547 duo
695 508 821 570 genera:
834 509 901 548 can·

215 570 343 644 didum,
363 571 396 631 &
420 590 437 628 a
458 569 559 629 colore
573 566 700 650 syricum
711 567 829 631 didum.
841 569 902 630 Pae·

215 671 253 712 ne
273 652 423 734 peregrina
438 648 502 710 sunt
517 651 546 709 in
567 669 627 710 uno
645 648 734 710 ltaliae
752 669 822 732 agro
833 649 902 711 Ve-

214 733 334 794 ronensi
358 727 519 804 nascentia,
539 750 604 812 qua
626 729 720 791 lanata
747 731 903 814 ,appellan-

215 830 272 876 tur.
284 813 404 895 Lanugo
423 832 459 872 ea
470 810 611 886 obducit,
626 809 758 872 strutheis
781 811 903 894 quidem

214 891 393 976 Persicisque
412 891 552 974 plurima:
572 892 615 952 his
630 909 728 953 tamen
754 891 905 973 peculiare

216 995 326 1036 nomen
345 973 451 1048 dedit,
471 973 551 1034 nulld
569 971 624 1034 alid
644 973 905 1050 commendatione

216 1058 271 1118 insi
291 1056 385 1116 nibus.

219 1187 222 1194 .
287 1135 326 1196 V.
348 1134 473 1217 Reliqua
490 1155 541 1194 cur
583 1135 659 1217 igear
672 1135 843 1196 nominatim
861 1137 906 1197 in·

216 1215 332 1291 dicare,
343 1218 411 1277 cirrn
420 1157 619 1283 conditorilus
629 1213 683 1276 suis
691 1232 828 1276 aeternam
836 1237 907 1299 pro·

215 1299 386 1382 pagaverirrt
404 1298 595 1374 memoriam,
607 1314 754 1379 tamquam
764 1297 805 1358 ob
819 1318 835 1359 e
874 1320 908 1360 e·

217 1383 297 1464 gium
316 1379 436 1462 aliquod
454 1381 484 1438 in
501 1379 564 1439 vird
587 1375 715 1437 fadum?
733 1377 798 1438 Nisi
816 1377 830 1436 f
859 1380 908 1441 lor

215 1461 367 1544 apparebit
382 1480 419 1520 ex
432 1479 469 1520 eo
479 1461 624 1541 ingenium
644 1457 786 1519 inserendi
796 1480 805 1520 s
816 1461 908 1522 nihil·

129 1551 131 1556 ’
220 1563 280 1626 que
300 1559 359 1603 tam
378 1559 501 1622 parvum
522 1536 596 1612 ell'e,
615 1539 695 1622 quod
707 1559 767 1600 non
780 1541 908 1622 gloriam

220 1643 323 1708 parere
345 1623 445 1703 possit.
456 1621 534 1704 Ergo
544 1621 652 1681 habent
662 1622 802 1703 originem
814 1640 830 1679 a
841 1619 910 1684 Ma·

219 1707 282 1778 tio,
303 1701 487 1784 Gestioque,
509 1701 542 1764 ἃ
569 1701 702 1774 Manlio,
719 1701 790 1762 item
814 1700 910 1764 Scan·

220 1786 299 1848 dio:
341 1783 423 1845 uibus
448 1799 576 1844 cotoneo
600 1783 688 1842 insito
705 1781 741 1842 ab
758 1781 864 1866 Appio
891 1805 909 1846 e

219 1805 346 1930 Claudil
364 1883 466 1948 genre,
484 1863 618 1944 Appiana
636 1861 700 1923 sunt
719 1867 910 1946 cognomina·

220 1965 261 2010 ta.
283 1944 371 2007 Odor
385 1945 426 2006 est
445 1947 488 2006 his
509 1959 720 2017 cotoneorum,
732 1946 910 2026 magnitudo

219 2023 912 2189 tffitrlltltnt‘lt‘ltltl·mitta:

221 2207 289 2263 tet,
307 2189 369 2251 sunt
391 2191 424 2254 &a
449 2186 601 2269 Sceptiana
624 2185 660 2246 ab
682 2188 838 2247 inventore
872 2189 912 2249 li·

222 2271 353 2342 bertino,
370 2271 491 2352 insignia
508 2265 695 2330 rotunditate.
712 2265 790 2330 Cato
807 2265 913 2348 adjicit

221 2347 913 2510 nuntrnrnrrrnnn

221 2499 914 2660 rrrrsurrrrrrrrrr‘mrrrr

224 2677 385 2750 Amerina,
399 2673 585 2757 &Graecula
595 2671 703 2736 Cetera
715 2693 732 2734 e
746 2675 916 2735 causistra·

222 2778 295 2820 nrere
314 2775 442 2818 nomen:
461 2755 669 2841 germanitatis,
682 2753 858 2816 coliterentia
877 2757 914 2818 &

223 2839 361 2922 gemella,
371 2853 528 2920 numquam
540 2835 651 2919 cingula
669 2839 699 2900 in
716 2834 779 2900 fetu
791 2857 799 2896 ε
810 2835 914 2912 colo·
