1932 3588
218 281 425 353 Hrsroa.
446 279 520 354 Lib.
539 253 654 353 XVlI.
692 223 774 380 ¹3⁸23

97 419 153 488 que
173 401 265 463 altiles
284 398 366 462 fiunt.
382 399 511 462 Maxime
528 416 624 462 autem
640 399 777 464 arborum

97 487 153 546 lroc
169 481 386 566 sentiuntfpiri,
398 481 482 556 mali,
501 479 565 542 fici:
578 483 671 542 minius
680 507 697 556 ‚¹
710 506 777 568 quae

97 586 199 628 amarae
217 563 281 625 sunt
299 565 332 627 &
350 563 488 625 odoratae.
512 561 622 624 Eorum
637 566 686 646 qui
702 567 733 625 in
744 565 779 627 fi.

96 650 138 708 cis
154 643 306 720 exsistunt,
320 643 367 706 alii
382 642 533 706 nascuntur
550 665 587 706 ex
602 647 673 728 ipsis
684 669 692 708 :
704 645 777 709 alios
864 722 865 726 Ἰ

94 729 188 824 parit,
205 728 254 809 qui
272 743 394 789 vocatur
405 723 546 787 cerastes:
564 731 667 787 omnes
678 742 778 790 tamen

93 825 127 870 m
150 806 277 870 cerasten
306 805 477 904 ligurantur,
496 805 656 890 sonumque
685 807 776 870 edunt

92 890 208 974 parvuli
225 887 362 950 stridoris.
382 887 420 949 Et
435 887 534 949 sorbus
556 888 644 948 arbor
661 887 777 950 infesla-

93 988 143 1032 rur
161 970 330 1032 vermiculis
352 968 439 1042 rufis,
459 969 491 1031 &
508 968 622 1051 pilosis,
640 985 667 1029 at
709 971 777 1031 eita

93 1053 246 1114 emoritur.
262 1048 400 1134 Mespilus
416 1058 532 1133 quoque
548 1053 579 1112 in
593 1049 658 1112 sene
686 1051 704 1111 d
721 1050 777 1122 obe

92 1134 183 1195 nortia
202 1134 229 1192 ei
245 1132 350 1193 morbo
372 1130 423 1195 est.

133 1212 278 1275 Sideratio
289 1228 350 1274 tota
363 1233 379 1274 e
392 1211 464 1274 calo
479 1211 598 1273 constat.
615 1211 776 1296 Quaprop-

91 1310 138 1357 ter
155 1295 190 1356 δι
207 1292 319 1378 grando
329 1295 359 1353 in
371 1294 414 1354 his
427 1294 517 1354 causis
532 1291 652 1376 intelligi
666 1293 774 1355 debet:

92 1377 127 1440 &
143 1373 378 1448 carbunculatio,
398 1374 431 1436 &
450 1373 530 1457 quod
550 1375 715 1456 pruinarum
731 1377 776 1434 in·

90 1454 168 1538 juria
185 1458 292 1518 evenit.
314 1453 385 1516 Haec
402 1456 480 1515 enim
499 1474 593 1516 verno
615 1470 716 1537 tepore
728 1457 776 1516 in·

91 1538 212 1609 vitaris,
230 1537 262 1599 &
280 1556 432 1617 erumpere
445 1535 613 1598 audentibus
626 1535 689 1598 satis
700 1536 776 1598 mol·

90 1619 170 1682 libus
189 1618 335 1694 insidens,
354 1617 447 1678 adurit
466 1614 648 1678 ledescentes
664 1619 777 1700 germi-

91 1721 167 1761 num
193 1700 316 1771 oculos,
338 1697 418 1781 quod
435 1699 464 1758 in
481 1697 556 1758 flore
571 1698 777 1762 carbunculum

91 1797 212 1844 vocant.
232 1779 342 1842 Pruinae
362 1779 551 1862 perniciosior
564 1795 685 1853 natura,
702 1798 777 1862 quo·

91 1863 174 1923 triam
192 1860 267 1945 lapsa
286 1860 428 1944 persidet‚
439 1859 590 1942 gelatque,
605 1879 639 1918 ac
655 1879 692 1919 ne
709 1859 778 1920 aurd

93 1943 216 2025 quidem
239 1941 296 2003 ulla
311 1941 485 2023 depellitur,
525 1941 582 2000 uia
594 1959 655 2000 non
676 1937 710 1999 fit
723 1941 778 1999 nisi

91 2026 221 2086 immoto
239 2042 305 2084 aete
325 2023 357 2084 &
376 2021 486 2082 sereno.
536 2021 665 2102 roprium
680 2036 778 2081 tamen

93 2105 275 2166 siderationis
299 2100 355 2174 est,
376 2100 427 2164 sub
442 2117 507 2163 ortu
519 2098 608 2162 Canis
618 2103 778 2162 siccitatum

94 2206 210 2266 vapor,
236 2187 304 2246 cium
334 2184 418 2245 insita
446 2203 479 2244 ac
505 2182 631 2247 novellae
661 2183 778 2244 arbores

94 2268 269 2337 moriuntur,
287 2264 432 2348 praecipue
452 2263 541 2338 ficus,
555 2265 588 2328 &
607 2267 690 2328 vites.
701 2262 780 2327 Olea

94 2364 201 2430 prater
211 2346 495 2421 vermiculationem,
510 2367 595 2430 quam
606 2347 688 2430 aeque
701 2367 733 2407 ac
747 2343 780 2405 fr·

93 2449 150 2489 cus
171 2427 270 2502 sentit,
289 2427 405 2489 clavum
422 2431 635 2507 etiampatitur,
648 2424 781 2488 sivefun·

140 2529 168 2569 m
184 2509 278 2593 placet
299 2509 356 2570 dici
373 2551 382 2580 ,
402 2507 452 2571 vel
475 2507 623 2587 patellam.
644 2505 716 2564 Haec
738 2503 781 2566 est

93 2529 174 2651 §iilis
194 2587 317 2654 exustio.
337 2587 454 2649 Nocere
471 2585 558 2646 tradit
578 2583 782 2645 Cato&mus·

95 2691 166 2732 cum
175 2673 306 2732 rubrum.
321 2668 420 2731 Nocet
456 2663 728 2750 letumquevlribus
741 2679 783 2724 at-

94 2767 156 2834 que
175 2752 247 2814 oleis
266 2753 299 2814 &
317 2751 403 2811 nimia
435 2746 558 2810 ettiliras.
572 2743 688 2807 Scabies
699 2763 784 2804 com-

95 2835 192 2895 munis
214 2833 344 2897 omnium
363 2829 416 2894 eli.
435 2827 717 2989 Impetigo,gcppuae
731 2819 780 2887 ad·
