2012 3588
200 313 279 406 ‘20¹
310 301 347 373 0.
372 303 561 375 Parui!
587 303 778 375 Ninon.

200 419 338 507 peditum
349 421 418 483 ideo
428 419 613 484 corticosum.
628 413 808 488 Silva‘diuisa
820 411 891 483 ’ἐπὶ
995 403 996 434 ³

197 504 238 566 ris
259 503 440 584 portionibus
455 502 554 564 mutui
567 504 731 564 innocentii
748 519 811 564 tuta
825 503 884 564 ests

201 603 299 666 neque
317 584 391 644 ullus
408 583 513 643 saucias
529 583 646 646 arbores
666 582 814 646 custodit:
830 603 886 662 neq

199 683 254 734 mo
280 663 397 725 'furatur
420 664 510 723 alteri.
532 662 575 724 At
594 664 726 726 hercules
755 661 885 726 Alexan·

196 744 292 818 uriae,
316 745 367 804 ubi
379 743 462 804 thura
483 741 712 826 interpolantur,
735 745 814 808 nulla
838 743 886 814 sa·

199 827 239 885 tis
260 822 384 884 custodit
403 824 549 906 diligentia
565 823 703 886 officinas.
723 822 884 910 Subligaria

198 907 348 990 signantur
365 902 482 987 opifici:
500 904 620 986 persona
636 905 767 986 adjicitur
775 928 808 966 ca
830 909 884 984 iti,

203 982 343 1055 densusve
364 985 518 1046 reticulus:
530 987 601 1046 nudi
620 989 797 1049 emittuntur.
835 1007 886 1048 an·

195 1067 234 1126 tl>
253 1068 345 1126 mitius
358 1063 428 1127 fidei
441 1067 518 1147 apu'd
528 1065 695 1149 nos‘poena,
707 1066 792 1150 quint
805 1067 884 1150 apud

198 1145 266 1210 illos
283 1137 382 1207 uilvae'
401 1148 515 1209 habent.
548 1148 700 1208 Autumno
723 1147 826 1232 legitlrr
844 1148 883 1212 ali

198 1225 302 1288 aestivo
318 1242 410 1309 partu.
427 1224 494 1288 Hoc
503 1231 707 1310 purissimum,
717 1215 884 1291 candidumi

199 1305 333 1368 Secunda
348 1309 503 1373 uindemio
521 1309 562 1370 est
582 1329 672 1382 vere,
693 1309 729 1369 ad
742 1311 808 1370 e'am'
817 1309 884 1382 hie}

198 1408 248 1452 me
261 1390 415 1450 corticibus
426 1392 530 1450 incisis.
547 1389 656 1451 Rufum
675 1389 731 1450 hoc
746 1393 883 1463 ‘ersitmec

198 1470 428 1552 comparandum
447 1473 544 1553 priori.
576 1469 651 1540 Illud
678 1472 881 1552 carphiatum,

199 1549 258 1611 hoc
281 1551 436 1611 datitiorum
459 1567 576 1612 vocant.
606 1549 741 1612 Creditur
767 1553 800 1614 ὃ(
825 1574 882 1613 no-

200 1631 286 1692 vellae
307 1632 417 1692 arboris
437 1631 605 1704 candidius,
625 1630 675 1693 sed
692 1634 800 1694 veteris
811 1631 883 1693 odo·

200 1714 298 1773 ratius.
319 1710 451 1791 Quidam
468 1714 545 1774 &in
565 1711 661 1774 insulis
670 1714 772 1782 melius
783 1713 881 1798 ¹putant

200 1795 288 1876 gigni.
308 1793 381 1855 Juba
395 1795 424 1866 in
443 1792 539 1854 insulis
561 1811 647 1876 negat
664 1792 750 1856 nasci.
873 1795 879 1806 '

197 1953 200 1960 v
241 1873 336 1954 Quod
355 1893 390 1934 ex
410 1892 447 1934 eo
468 1873 643 1936 rotunditate
666 1893 753 1958 guttae
768 1889 883 2016 gepeu·¹

198 1954 261 2028 dits,
281 1953 438 2024 masculum
466 1975 627 2030 vocamus,
646 1958 717 2017 cirm-
730 1958 766 2017 ali
786 1979 798 2017 s
820 1979 883 2020 non

197 2033 260 2096 sere
273 2056 334 2095 mas
354 2051 495 2109 vocetur,
507 2036 556 2096 ubi
575 2057 634 2097 non
647 2039 682 2098 sit
694 2037 811 2098 semina.
825 2037 885 2099 Re'·

197 2115 301 2198 ligioni
323 2118 481 2188 tributum,
498 2122 535 2176 ire
556 2115 638 2178 sexus
649 2118 721 2178 alter
731 2117 884 2199 usurpare·

198 2212 255 2257 tur.
274 2195 435 2258 Masculum
455 2197 542 2279 aliqui
560 2213 695 2278 putanta
717 2196 812 2277 specie
835 2213 883 2257 te·

199 2276 284 2338 stium
305 2277 422 2339 diuum.
440 2277 587 2358 Praecipua
607 2292 704 2336 autem
722 2277 811 2356 gratia
837 2275 881 2336 est

198 2357 387 2431 mammolo,
406 2359 472 2417 cirm
492 2358 619 2416 haerente
638 2355 756 2416 lacrimd
781 2356 881 2437 priore'

197 2437 353 2500 consecuta
362 2438 415 2497 alia
434 2435 545 2496 miscuit
564 2434 604 2498 se.
620 2433 737 2519 Singula
748 2437 883 2498 lraecma·

198 2539 270 2580 num
290 2517 410 2598 implere
431 2514 511 2578 solita
530 2519 672 2594 invenio,
689 2520 756 2580 cum
765 2519 882 2580 minore

198 2599 353 2680 diripiendi
378 2598 514 2660 aviditate
544 2599 647 2660 lentius
666 2597 739 2659 nasci
768 2597 881 2662 licereta

198 2678 297 2741 Graeci
325 2679 481 2760 stagoniam
504 2681 682 2742 &atomum
708 2677 757 2737 tali
786 2680 881 2740 modo

197 2761 361 2839 appellant:
373 2762 518 2822 minorem
540 2775 634 2822 autem
649 2758 791 2821 orobiam.
817 2759 879 2819 Mi·'

197 2837 880 2916 ‚easconeuffuelisasmanianvoeanusAEtiam
