1954 3594
215 272 662 382 Hrsrorr.Lib.Xyl11.
715 298 780 369 371

101 391 141 456 Et
159 390 225 468 haec
239 393 358 474 quidem
378 413 484 476 genera
502 392 656 454 vindemiis
676 396 787 457 tamirm

102 474 187 536 fiunt.
209 472 283 554 Quo
301 471 388 534 libeat
407 476 481 538 verb
500 478 786 560 tempore,exoqub

102 555 276 637 hordeoque
287 555 403 616 bilibres
413 553 481 615 offae
492 552 617 617 ferventi
628 555 717 628 foco,
735 558 786 619 vel

103 633 190 696 fidilis
202 636 299 717 patinis
313 652 459 697 torrentur
473 637 573 696 ‘cinere
591 638 624 698 &
639 637 785 716 carbone,

103 715 283 799 usquedum
302 715 553 778 subeannpostea
570 718 739 798 operiuntur
754 722 785 780 in

103 800 203 872 vasis,
216 797 309 858 donec
320 795 466 874 acescant:
481 797 547 859 hinc
557 797 734 860 fermentum
743 800 786 862 di·-

103 878 201 940 luitur.
222 877 300 940 Cdm
324 875 408 940 fieret
428 895 526 939 autem
554 882 634 960 panis
659 881 787 942 hordea·

103 979 193 1032 reus,
217 963 279 1020 ervi
296 975 345 1020 aut
365 960 512 1020 cicerculae
532 957 623 1021 farina
642 959 704 1040 ipse
727 960 786 1022 fer·

102 1039 287 1106 mentabatur
303 1037 436 1120 :justum
456 1057 539 1114 etet,
567 1041 633 1102 duae
654 1043 736 1103 iibrae
755 1044 786 1104 in

104 1124 175 1203 quin
198 1141 234 1182 tre
249 1119 404 1188 semodios.
418 1121 504 1182 Nunc
518 1119 693 1184 fermentum
704 1121 738 1184 fit
749 1143 786 1184 ex

103 1202 168 1344 ipsi
216 1203 293 1276 tini,
310 1223 377 1286 quae‘
395 1201 530 1284 subigitur
548 1205 722 1286 pribsqudm
735 1206 787 1265 ad·

127 1282 266 1356 marsal,
287 1284 325 1344 ad
346 1284 431 1366 pultis
455 1284 577 1344 modum
594 1283 729 1360 denobia,
751 1285 786 1347 bb

103 1363 203 1424 relisis
222 1365 317 1426 donec
328 1363 447 1426 acescat.
464 1363 563 1446 Vulgb
574 1366 648 1426 verb
664 1385 719 1426 nec
729 1364 787 1426 suf·

104 1443 313 1520 fervefaciunt,
328 1444 378 1508 sed
396 1447 508 1506 tantbm
528 1446 619 1528 pridie
637 1445 787 1509 adservati

101 1526 226 1588 materis
233 1543 358 1588 utuntur.
364 1525 520 1609 Palemque
532 1525 573 1587 est
583 1543 711 1588 naturam
718 1533 788 1590 acob

104 1627 138 1668 re
155 1605 341 1682 fermentari:
358 1610 432 1668 sicut
447 1610 480 1670 &
496 1608 636 1669 validiora
652 1606 709 1670 effe
720 1629 787 1670 cor·

104 1709 197 1771 pora,
209 1709 273 1771 quae
290 1687 462 1752 sermentato
475 1709 549 1770 pane
559 1688 688 1750 aluntur:
702 1693 788 1771 quip-

104 1791 144 1850 pe
162 1772 231 1830 cirm
251 1771 328 1850 apud
338 1787 453 1833 veteres
465 1770 712 1851 ponderosissimo
726 1774 786 1830 cui·

105 1871 165 1934 que
186 1852 282 1913 tritico
304 1854 448 1934 praecipue
472 1850 619 1913 salubritas
641 1851 786 1932 perhibita

106 1950 155 1994 stt.

99 2042 102 2050 ¹
146 2012 277 2076 XXVII.
302 2013 384 2076 Panis
407 2015 495 2095 ipsius
519 2012 600 2074 uaria
629 2031 789 2095 enerapen·

101 2095 189 2178 sequi
207 2094 417 2176 supervacuum
437 2094 552 2156 videtur
566 2115 575 2154 :¹
619 2092 659 2154 iis
679 2092 716 2152 ab
736 2097 790 2156 ob·

105 2175 196 2238 soniis
215 2176 371 2259 appellati,
391 2192 422 2238 ut
439 2173 567 2237 ostrearii
581 2195 588 2234 :
600 2174 669 2236 aliis
686 2196 703 2235 a
719 2174 791 2246 deli·

108 2259 180 2330 ciis,
190 2272 222 2318 ut
235 2258 409 2341 artolagani:
428 2257 496 2319 aliis
515 2279 531 2319 a
547 2256 746 2332 festinatione,
758 2275 791 2320 ut

106 2337 240 2420 spenstici
253 2363 261 2401 :
277 2361 410 2402 necnon
422 2362 438 2400 a
451 2340 597 2422 coquendi
613 2341 725 2400 ratione
735 2385 746 2412 ,
756 2357 791 2400 ut

105 2419 319 2495 sumacei‚vel
336 2423 495 2502 artopticii,
505 2437 553 2481 aut
564 2424 595 2480 in
604 2419 722 2480 clibanis
739 2442 792 2480 co·

108 2501 165 2563 di:
182 2523 242 2563 non
251 2503 364 2584 pridem
378 2503 492 2564 etiams
511 2499 620 2560 Parthis
635 2499 790 2574 imbros,

105 2603 200 2667 quem
217 2586 380 2666 aquaticum
405 2596 534 2652 vocant,
552 2579 690 2662 quoniam
718 2599 793 2662 aqua

109 2665 229 2726 trahitur
240 2687 256 2732 u
267 2666 391 2726 tenui&
403 2660 556 2745 spongiosi
566 2660 724 2735 inanitate,⁴
743 2661 792 2720 alii

105 2745 284 2808 Parthicum.
310 2743 428 2806 Summa
447 2743 508 2804 laus
526 2741 645 2825 siliginis
665 2740 795 2802 bonitate

10 2867 11 2870 =
105 2829 147 2897 bt
163 2827 253 2910 cribri
278 2828 417 2892 tenuitate
447 2822 566 2889 constat.
592 2820 737 2986 guidam
756 2841 796 2886 ex

478 2963 481 2970 .
591 2982 594 2989 ἱ
643 2923 676 2986 ν]
