1932 3588
205 330 278 408 322
330 307 366 378 C.
391 249 567 378 Pzrnrr
591 305 780 382 Nnrun.

205 429 292 510 Quid
305 426 396 510 ergo?
407 447 466 488 non
477 427 593 490 &vites
604 426 702 510 algore
719 427 876 490 intereunti

205 511 275 575 Hoc
294 510 413 592 quidem
432 505 491 581 est,
508 530 569 590 quo
592 507 821 591 deprehendatur
836 507 879 570 so·

219 595 228 652 i
248 593 369 663 vitium,
387 591 525 672 quoniam
544 611 604 651 non
623 592 722 651 evenit
733 593 788 652 nisi
798 593 826 650 in
838 589 879 650 fri·

225 671 403 754 ‘do.·ltaque
440 691 471 732 er
488 672 599 732 hiemes
609 671 671 736 taeli
680 673 805 754 rigorem
815 692 880 754 pro·

144 753 146 756 ’
203 693 398 826 §demumnon
415 694 477 814 doli.
499 751 563 812 Nec
585 750 786 822 infirmissime
803 753 882 814 arbo·

204 858 253 898 res
272 835 337 918 gelu
354 833 570 916 periclitantur,
582 831 631 894 sed
641 836 773 894 maximae
783 857 790 895 :
802 854 881 898 vexa·

204 916 298 999 tisque
307 919 346 976 ita
360 915 509 976 cacumina
519 916 612 995 prima
629 913 803 989 inarescunt,
814 936 882 998 quo·

204 1001 284 1064 niam
305 994 474 1081 praestridiut
494 995 560 1078 gelu
581 1015 641 1056 non
660 999 756 1077 potuit
776 999 812 1060 eb
825 1016 881 1080 pet·

202 1081 307 1149 ‚venire
323 1078 438 1139 humor.

246 1158 396 1222 Arborum
424 1159 542 1242 quidam
571 1176 743 1220 communes
775 1158 880 1234 morbi3

204 1239 324 1324 quidum
345 1241 451 1322 privati
474 1261 623 1323 generum.
636 1239 811 1302 Communis
820 1260 881 1302 vet·

206 1320 356 1382 miculatio
377 1319 439 1394 est,
459 1323 613 1397 sideratio,
631 1343 664 1382 ac
691 1322 778 1384 dolor
795 1341 880 1382 mem·

204 1402 345 1472 brorum,
366 1402 443 1464 unde
455 1405 577 1484 partium
594 1403 740 1466 debilitas:
752 1403 881 1464 societate

204 1486 358 1544 nominum
375 1505 492 1566 quoque
513 1505 580 1545 cum
603 1485 728 1544 hominis
754 1483 881 1546 miseriis.

203 1563 321 1628 Trunca
340 1565 461 1626 dicimus
482 1565 561 1626 certe
584 1585 728 1647 corpora,
753 1566 789 1628 &
803 1583 879 1625 ocu·

203 1647 250 1708 los
294 1647 437 1707 erminum
452 1643 880 1720 exustos‚acmultasimilisor·
950 1707 951 1716 ¹

204 1743 245 1790 te.
263 1667 364 1810 Idaque
382 1727 511 1789 laborant
529 1729 561 1790 &
576 1726 671 1802 fame,
683 1729 879 1798 sternutae,

203 1829 270 1891 quae
289 1807 362 1869 fiunt
380 1808 509 1870 humoris
528 1811 695 1892 ¹quantitate.
709 1808 823 1892 Aliqua
833 1827 878 1868 ve·

137 1921 140 1925 ·
204 1893 239 1951 ro
259 1889 291 1952 δι
309 1891 450 1952 obesitate
462 1887 878 1972 :utomniaquaeresinamfe-

203 1988 289 2044 runt,
302 1972 392 2032 nimii
403 1971 599 2055 pinguitudine
616 1972 647 2030 in
666 1971 766 2033 tedam
780 1985 878 2033 mutan·

202 2068 266 2115 tur:
281 2053 313 2114 ἃ
332 2055 398 2114 cirm
422 2054 532 2115 radices
559 2072 678 2136 quoque
697 2051 877 2194 pinguescere

203 2153 344 2216 coepere,
362 2134 522 2207 intereunt,
542 2151 575 2196 ut
602 2137 695 2194 anima
707 2136 735 2193 ia
751 2178 765 2206 ,
796 2132 878 2194 nimio

200 2214 306 2296 adipe:
317 2215 470 2296 aliquando
481 2217 513 2276 δι
524 2213 685 2296 pestilentid
698 2233 877 2298 pergerent,
947 2225 948 2228 ’

203 2295 278 2356 sicut
293 2297 368 2355 inter
387 2296 539 2368 homines,
556 2315 633 2358 nunc
653 2294 788 2370 servitia,
808 2312 876 2356 nunt

201 2375 287 2459 plebs
307 2375 414 2436 urbana
425 2420 435 2448 ‚
453 2377 503 2436 vel
523 2375 636 2439 rustica.

241 2457 475 2519 vermiculantur
483 2461 574 2540 magis
592 2456 721 2521 mindsve
734 2456 875 2541 quaedam,

202 2557 306 2600 omnes
322 2556 419 2600 tamen
438 2539 519 2602 fere:
536 2540 565 2600 id
607 2560 703 2600 eaves
718 2541 784 2601 cavi
795 2537 875 2600 cotti·
945 2597 946 2606 ,

200 2621 243 2680 eis
263 2619 335 2682 sono
355 2623 549 2703 experiuntur.
580 2641 626 2682 am
641 2620 759 2704 quidem
777 2620 809 2681 dt
823 2618 873 2678 hoc

174 2757 177 2765 .
199 2702 231 2760 in
251 2698 362 2762 luxurid
380 2699 436 2762 effe
457 2699 566 2785 coepit:
585 2699 770 2783 praegrandes
804 2717 874 2760 ero·

196 2779 303 2842 borum
318 2782 485 2843 delicatiore
505 2782 567 2844 sunt
585 2785 615 2842 in
629 2782 712 2845 cibo:
725 2803 762 2844 co
784 2801 814 2842 es
824 2798 873 2840 vo·

197 2878 267 2921 cunt
306 2878 392 2946 atque
413 2865 498 2926 etium
515 2861 605 2927 urim
622 2861 873 2947 sagimenhiquo·
943 2929 944 2944 2
