1932 3588
176 269 412 346 'Hieron
429 273 502 347 Lib.
524 273 637 348 XVII.
691 292 758 374 325

81 391 174 454 miore
188 393 245 456 hoc
258 397 362 458 evenit
377 393 585 478 intempestivo
600 407 609 456 i
622 396 760 476 quoniam

81 478 174 534 omnia
184 477 278 538 modo
293 475 442 548 constant,
462 493 600 558 certoque
613 493 759 555 tempera-

80 571 186 618 mento.
216 557 304 618 Fiunt
330 559 364 620 &
384 557 469 640 culpi
484 560 560 619 vites
583 557 760 632 colentium,

79 636 141 696 cbm
169 637 428 720 praestringuntur,
453 655 486 700 ut
510 636 618 697 didam
637 635 697 699 est:
712 654 761 698 aut

79 715 272 792 ¹circumfossor
285 717 425 800 injurioso
438 718 494 780 iun
511 718 696 781 verberavit:
710 717 760 778 vel

78 797 160 859 etiam
178 797 331 860 subarator
354 800 521 882 imprudens
551 799 661 862 luxavit
685 797 761 858 radi-

77 895 140 951 ces,
160 878 310 961 corpusve
336 880 542 962 desquamavit.
562 878 612 940 Est
630 881 664 940 &
681 899 761 960 quae·

78 956 138 1016 dam
149 963 286 1028 contusio
299 959 380 1020 falcis
388 961 556 1022 hebetioris.
567 958 686 1038 Quibus
694 977 760 1020 'orn-

77 1037 156 1098 nibus
172 1045 267 1102 causis
288 1039 432 1102 difficilius
448 1041 571 1102 tolerant
585 1039 692 1123 frigora
710 1057 760 1103 aut

77 1115 169 1182 aestus:
189 1124 334 1204 quoniam
356 1125 384 1182 in
405 1122 486 1182 ulcus
511 1139 642 1202 penetrat
663 1123 760 1182 omnis

78 1197 178 1261 aforis
198 1201 315 1284 injuria.
336 1201 627 1264 Infirmissimaverb
646 1203 759 1272 malus,

76 1282 255 1364 maximdque
266 1304 333 1366 quae
344 1284 435 1353 dulcis
445 1281 497 1344 est.
511 1280 692 1360 Quibusdam
703 1283 759 1344 de·

77 1357 165 1422 bilitas
181 1363 380 1434 sterilitatem,
395 1385 455 1424 non
472 1383 590 1436 necem,
601 1362 709 1424 adfert:
725 1379 760 1428 ut

77 1442 99 1500 ti
119 1444 180 1523 quis
192 1447 266 1526 pino
280 1465 419 1508 cacmnen
431 1441 539 1504 auferat
549 1485 560 1518 ‚
570 1443 621 1505 uel
633 1444 756 1524 paimaet

37 1525 40 1535 '
77 1517 246 1591 sterilescunt
270 1528 371 1601 enim,
388 1545 443 1588 nee
463 1528 637 1588 moriuntur.
649 1524 761 1606 AEgro-·

77 1614 133 1664 tant
158 1605 318 1688 aliquando
336 1609 369 1669 &
387 1626 475 1688 poma
492 1604 551 1686 ipsa
573 1627 625 1687 per
643 1603 674 1666 se
693 1607 756 1666 sine

76 1682 191 1758 arbore,
209 1690 235 1750 si
256 1687 421 1750 necessariis
433 1687 620 1767 ,temporibus
648 1685 757 1755 imbres

77 1779 122 1826 aut
142 1782 260 1850 tepores
283 1769 333 1832 vel
354 1768 474 1833 adflatus
485 1765 679 1840 defuere‚aut
687 1787 756 1828 con·

76 1841 116 1903 tri
137 1848 344 1914 abundavere:
364 1848 501 1910 decidunt
529 1851 625 1921 enim,
638 1863 686 1906 aut
702 1846 759 1920 de-

76 1927 175 1988 teriora
193 1929 281 1992 fiunt.
301 1931 463 1992 Pessimum
482 1926 523 1988 est
543 1930 618 1986 inter
636 1928 760 2000 omnia,¹

77 2005 138 2065 ‘iun
150 2009 394 2073 deflorescentem
413 2012 505 2072 vitem
526 2009 560 2068 &
576 2006 672 2068 oleam
706 2027 757 2068 er·-

77 2090 158 2150 cussit
167 2093 277 2165 imber,
287 2093 424 2174 quoniam
432 2088 516 2150 simul
526 2087 626 2148 defluit
636 2027 756 2150 sruiiuu¹

113 2165 181 2232 Sunt
201 2194 243 2236 ex
262 2172 365 2233 eidem
385 2171 470 2232 causi
489 2168 635 2230 nascentes
648 2170 756 2232 &erur

77 2251 237 2323 'tzdirum
258 2252 382 2326 animal²
400 2253 579 2334 eroduntque
598 2249 731 2312 frondem
740 2265 761 2326 ,k
861 2301 863 2307 .

76 2327 133 2388 aliae
153 2334 285 2408 florem,-
299 2333 440 2396 olivarum
460 2348 641 2416 quoque‚ut
652 2334 682 2392 in
692 2331 752 2392 Mi·

75 2405 152 2472 leto:
166 2436 199 2476 ac
225 2413 372 2498 depastam
391 2415 525 2475 arborem
539 2415 614 2490 turpi
623 2410 695 2472 facie
705 2432 752 2471 re·
848 2455 851 2467 .

9 2523 12 2528 ·
74 2486 213 2572 linquunt.
236 2496 366 2558 Nascitur
386 2495 444 2554 hoc
456 2493 566 2552 malum
581 2507 684 2568 tepore
697 2491 751 2550 hu-

75 2571 170 2650 mido,
190 2579 224 2640 &
240 2577 329 2639 lento.
355 2573 400 2636 Fit
417 2571 493 2632 aliud
514 2591 550 2630 ex
577 2570 701 2642 eodem,
727 2570 758 2628 si.

75 2645 124 2713 Sol
135 2660 229 2718 acrior
248 2657 390 2718 insecutus
410 2653 511 2712 inussit
527 2645 618 2730 ipsum
633 2651 752 2721 vitium,

75 2727 197 2818 ideoque
215 2740 346 2801 mutavit.
366 2733 415 2796 Est
433 2733 588 2794 etiamnum
607 2727 757 2810 peculiare

75 2810 315 2888 ruvisuvrnuus
325 2863 338 2898 ,,
347 2815 503 2899 (araneum
514 2828 640 2888 vocam,
651 2808 665 2896 )
683 2808 756 2878 sinu
