1934 3592
195 287 284 372 204¹
316 261 792 369 Cl’trurrNAru'n.

190 405 292 450 tamen
306 387 343 448 us
358 407 394 449 ue
415 387 567 450 iuxuriatur.
583 387 645 451 Sed·
660 388 716 450 hoc
733 410 770 450 ne
792 401 879 452 atum

186 467 343 554 plerisque.
386 471 511 533 onenit'n
522 491 625 531 omnes
634 469 757 532 florent:
813 469 882 532 sunt

188 550 285 612 tristes
302 551 457 634 quaedam,
471 573 593 634 quaeque
603 573 663 613 non
671 550 793 612 sentiant
810 572 879 634 gau·

190 632 240 693 dia
265 653 416 694 annorum.
441 630 519 693 Nam
550 653 587 694 ne
609 654 645 694 ue
673 632 750 707 ilex,
766 633 881 714 picea,

190 714 376 796 iarix‚pinus
391 712 451 774 ullo
471 714 545 774 flore
561 733 578 774 e
618 712 772 786 'larantur,
791 729 881 774 nata·

190 793 272 857 l'esve
289 815 445 878 pomorum
464 792 593 855 recursus
614 815 726 856 annuos
743 795 881 856 versico-

190 875 248 938 lori
266 878 368 936 nuntio
386 878 577 958 promittunt:
594 895 649 936 uec
659 873 722 952 fici,
733 892 824 957 atque
837 897 881 936 ca·

190 955 295 1046 prifici.
321 955 454 1018 Protinus
477 959 561 1018 enim»
582 954 706 1018 frustum
725 955 818 1018 flores
840 959 883 1040 gi·

191 1055 291 1122 gnum.
312 1036 345 1098 In
361 1035 421 1098 fi'cis
439 1037 583 1098 mirabiles
600 1035 664 1099 sunt
684 1033 716 1099 δὲ
733 1037 881 1111 abortus,

214 1123 243 1178 ui
264 1139 421 1202 numquam
443 1116 645 1180 maturescunt.
665 1117 730 1180 Nec
750 1114 883 1200 juniperi

192 1141 307 1261 Herem.
325 1199 457 1280 Quidam
478 1220 574 1260 earum
596 1198 658 1260 dun
683 1218 793 1282 genera
822 1217 882 1262 tta.-

193 1282 266 1344 dunt
280 1304 288 1341 :
300 1279 417 1341 alteram
429 1281 549 1354 florere,
570 1300 625 1342 nec
636 1277 727 1341 ferre:
740 1300 809 1360 quae
819 1300 881 1342 ve·

194 1364 229 1423 ιὺ
251 1383 310 1422 non
330 1361 449 1436 florent,
461 1360 536 1420 fetre
548 1362 678 1444 protinus
694 1360 793 1420 baccis
815 1357 880 1422 nas·

194 1443 345 1516 centibus,
360 1464 424 1524 quae
441 1442 559 1502 biennio
570 1441 704 1502 haereant.
717 1438 817 1502 Sedid
827 1440 881 1502 fal-

193 1523 278 1586 sum:
301 1522 496 1604 omnibusque·
507 1523 541 1582 iis
559 1522 629 1582 dura
645 1520 731 1582 facies
750 1519 881 1604 semper.

193 1603 241 1665 Sic
262 1593 296 1666 ὀὶ
322 1605 472 1666 hominum
495 1603 592 1666 multis
611 1599 724 1667 fortuna
744 1603 810 1664 sine
827 1603 880 1665 flo-
961 1633 962 1642 2

193 1703 227 1748 re
247 1685 298 1747 est.

200 1757 204 1768 ’
235 1765 313 1828 XLI.
333 1765 446 1830 Omnes
471 1783 567 1828 autem
585 1765 764 1849 germinant,
787 1765 879 1826 etiam

196 1849 321 1930 quinon
339 1849 461 1921 florent,
481 1867 584 1930 magna
601 1847 633 1908 &
647 1847 780 1908 locorum
798 1843 881 1907 diffe·

100 1989 102 1994 .
195 1921 298 1990 tentia.
315 1927 436 2011 Quippe
447 1931 513 1992 cium
525 1949 560 1990 ex
570 1927 676 1990 eodem
691 1946 879 2022 genereque

195 2009 298 2071 suntin
331 2009 496 2084 alustribus‚
508 2011 605 2090 priora
614 2023 776 2090 germinent
789 2027 879 2068 :mon

194 2092 297 2172 campe
338 2091 384 2164 ἐ,
402 2091 561 2152 novissima
572 2091 601 2149 in
613 2089 701 2151 silvis.
719 2086 774 2150 Per
786 2087 815 2148 se
827 2109 880 2150 au-

194 2188 256 2246 tem
278 2171 386 2242 tardius
410 2173 466 2252 piri
484 2167 646 2241 siivestres,
666 2167 752 2252 quam
768 2185 879 2231 cetera.

192 2249 293 2312 Primo
312 2251 445 2312 Favonio
462 2271 587 2322 cornus,
604 2251 737 2332 proxime
758 2248 879 2322 laurus,

193 2334 340 2416 pauloque
352 2348 417 2394 ante
429 2329 629 2414 aequinofflum
639 2332 700 2390 tilia
708 2374 722 2404 „
730 2351 808 2392 acer.
828 2329 878 2392 ln,

195 2431 241 2474 ter
254 2416 360 2494 primas
376 2413 449 2474 verb
469 2412 610 2493 populus,
621 2411 736 2485 ulmus,
745 2409 878 2484 salinas

194 2499 376 2566 nus‚nuces'.
395 2489 520 2554 Festinat
544 2493 577 2554 ὃ(
595 2492 735 2574 platanus.
760 2490 878 2554 Ceterae
960 2537 961 2564 r

196 2595 268 2638 uere
294 2591 446 2656 coepturo,
465 2571 656 2656 aquifolium,
675 2572 875 2648 terebinthus,

195 2649 339 2738 paliurus,
353 2653 499 2730 castanea,
520 2653 648 2738 glandes.
669 2652 803 2716 Serotino
820 2675 876 2714 au-

194 2753 257 2796 tem
269 2727 397 2818 germine
407 2733 511 2809 malus,
521 2736 683 2796 tardissimo
692 2733 784 2796 suber.
799 2731 877 2814 Qui·

194 2815 313 2879 busdam
331 2817 490 2898 geminatur
509 2817 701 2901 germinatio,
714 2813 874 2900 nimiisoii
