1942 3586
216 306 265 401 96
314 306 353 378 C
378 243 770 377 ParurrNArun.

216 422 386 508 quibusdam
398 425 478 498 aliis,
492 425 609 504 pessimi
622 427 735 508 generis
746 433 897 508 argumeni

219 524 264 567 to.
285 505 384 567 Irtiola
400 505 551 580 Umbriae,
572 504 778 589 Mevanatique
801 507 833 566 ὃ(
848 505 897 566 Ρί·

213 607 292 648 ceno
311 609 327 647 a
348 610 380 648 ro
406 587 556 668 peculiaris
577 584 633 659 est,
651 586 838 646 Amiternino
846 607 897 667 pu·

215 668 304 730 mula.
326 606 432 729 lisdem
453 668 610 728 bannanica
625 666 712 728 fallax
723 665 781 728 est:
799 687 897 728 amant

215 763 316 809 tamen
335 769 408 809 eam.
433 747 586 829 Municipii
606 770 694 808 uvam
704 747 836 830 Pompeii
845 768 900 809 no·

216 831 296 890 mine
316 849 352 910 ap
374 829 478 899 ellant,
499 832 631 911 quamvis
652 827 778 890 Clusinis
796 832 899 910 copio-

215 912 335 970 siorem.
396 911 512 992 unicipii
530 911 562 986 δι
580 909 718 971 Tiburtes
732 909 900 991 appellave-

215 1010 270 1064 re,
285 993 417 1072 quamvis
429 991 607 1072 oleagineam
625 1011 717 1072 nuper
734 993 899 1051 invenerint

217 1091 235 1130 a
250 1071 441 1130 similitudine
464 1072 560 1132 olivae.
577 1070 745 1132 Novissima
755 1072 817 1130 haec
827 1091 900 1132 uva·

214 1171 283 1213 runt
298 1152 334 1211 ad
351 1152 408 1212 hoc
424 1169 539 1236 tempus
558 1169 671 1232 reperta
687 1150 738 1214 est.
757 1151 900 1226 Vinacio·

218 1231 278 1292 lam
308 1230 359 1292 soli
383 1250 529 1293 noverunt
555 1231 672 1308 Sabini,
698 1234 730 1294 &
753 1231 901 1296 Laurenti.
964 1301 965 1312 χ

217 1311 296 1374 Nam
312 1311 530 1374 Gauranas'scio
542 1335 559 1373 a
571 1312 692 1375 Falerno
702 1334 772 1396 agro
782 1313 900 1374 transsa-

216 1411 261 1454 tas
278 1397 376 1455 vocari
393 1394 543 1469 Falemas‚
558 1394 708 1454 celerrimi
722 1394 829 1476 ubique
847 1395 899 1456 de·

214 1488 397 1556 generantes.
419 1475 561 1536 Necnon
585 1474 776 1536 Tarentinum
806 1495 908 1558 genus]

213 1555 304 1637 aliqui
322 1555 437 1631 fecere,
454 1556 591 1638 praedulci
610 1557 678 1617 uvi.
704 1553 843 1638 Capnias,
864 1558 900 1618 δι

196 1635 415 1716 gbucconiatis,
431 1639 463 1700 ὅ(
482 1639 624 1718 tarrupia,
644 1639 674 1698 in
687 1634 824 1697 Thurinis
838 1639 900 1698 col·

217 1716 293 1778 libus
314 1737 374 1778 non
392 1719 458 1778 anri
482 1719 684 1792 demetuntur,
743 1717 790 1776 arn
820 1718 900 1800 gela·
930 1739 935 1752 ·

200 1801 301 1859 vverit.
320 1797 421 1859 Pharia
441 1801 565 1882 gaudent
578 1797 664 1860 Pisae:
719 1801 795 1859 utina
805 1797 901 1872 Prusia

216 1879 281 1951 nid,
299 1881 382 1960 nigro
399 1883 500 1950 acino,
520 1882 591 1939 intra
612 1880 831 1962 quadriennium
854 1881 898 1939 al·

212 1959 352 2020 bestente
371 1962 456 2024 vino.
478 1960 607 2031 Mirum,
622 1961 728 2042 ubique
749 1981 815 2021 cum
828 1959 900 2021 Sole

212 2042 374 2121 'circumagi
387 2061 494 2112 uvam,
509 2063 573 2182 ἓικ
595 2040 634 2102 ob
656 2041 687 2102 id
704 2039 827 2123 streptos
843 2063 900 2102 vo·

212 2135 304 2180 ¹eatur.
326 2119 361 2182 Er
377 2122 407 2180 in
420 2119 499 2181 ltalia
543 2123 654 2182 allicam
694 2122 787 2182 lacere
799 2165 808 2195 ,
819 2139 898 2186 trans

213 2199 311 2283 'Alpes
330 2202 403 2261 veri>
416 2200 557 2263 Picenam.
572 2201 656 2262 Dixit
696 2203 805 2286 irgilius
816 2201 900 2264 Tha·

215 2285 292 2357 sias,
307 2283 339 2343 &
353 2281 548 2354 Mareotidas,
568 2283 714 2365 &lageas
733 2305 740 2344 :
762 2285 902 2365 complu·

213 2362 315 2504 alesque
337 2379 489 2439 externas,
506 2385 569 2446 quae
587 2384 648 2424 non
667 2365 848 2446 reperiuntur
867 2367 899 2427 in

210 2444 324 2504 'talids
581 2471 583 2476 ·
873 2461 889 2478 ·’

256 2521 313 2584 Sed
338 2521 402 2586 sunt
422 2527 579 2587 etiamnum
600 2529 724 2608 insignes
742 2525 819 2600 uvd,
834 2547 898 2588 non

212 2605 302 2678 vino,
319 2605 513 2680 ambrosiam,
534 2609 682 2683 duracina,
694 2611 756 2669 sine
773 2608 838 2668 ullis
849 2629 900 2668 va·

211 2688 256 2744 sis
273 2688 302 2744 in
319 2688 383 2747 *vite
404 2685 570 2749 servabilis:
588 2705 666 2748 tanta
681 2687 722 2748 est
741 2705 841 2749 contra
851 2687 899 2748 fri·

215 2784 307 2846 gora,
325 2765 428 2841 aestus,
442 2767 683 2850 tempestatesque
691 2766 819 2829 firmitas.
830 2767 898 2830 Nec

213 2845 409 2928 ortharnpelos
429 2848 539 2931 indiget
560 2849 664 2912 arbore
676 2866 723 2912 aut
734 2850 820 2933 palis,
833 2849 897 2990 ipis?

879 2950 898 2990 e
