<?xml version="1.0" encoding="UTF-8"?>
<!DOCTYPE html PUBLIC "-//W3C//DTD XHTML 1.0 Transitional//EN"
    "http://www.w3.org/TR/xhtml1/DTD/xhtml1-transitional.dtd">
<html xmlns="http://www.w3.org/1999/xhtml" xml:lang="en" lang="en">
 <head>
  <title>
</title>
<meta http-equiv="Content-Type" content="text/html;charset=utf-8" />
  <meta name='ocr-system' content='tesseract 3.04.00' />
  <meta name='ocr-capabilities' content='ocr_page ocr_carea ocr_par ocr_line ocrx_word'/>
</head>
<body>
  <div class='ocr_page' id='page_1' title='image "./caiipliniisecun01brotgoog_0249.png"; bbox 0 0 1924 3586; ppageno 0'>
   <div class='ocr_carea' id='block_1_1' title="bbox 207 303 797 396">
    <p class='ocr_par' dir='ltr' id='par_1_1' title="bbox 207 303 797 396">
     <span class='ocr_line' id='line_1_1' title="bbox 207 303 797 396; baseline 0 -20"><span class='ocrx_word' id='word_1_1' title='bbox 207 325 278 396; x_wconf 79' lang='lat'>240</span> <span class='ocrx_word' id='word_1_2' title='bbox 334 303 373 375; x_wconf 78' lang='lat' dir='ltr'>c.</span> <span class='ocrx_word' id='word_1_3' title='bbox 402 303 588 378; x_wconf 79' lang='lat' dir='ltr'>Ptrutr</span> <span class='ocrx_word' id='word_1_4' title='bbox 612 307 797 378; x_wconf 70' lang='lat' dir='ltr'>Nnrun.</span> 
     </span>
    </p>
   </div>
   <div class='ocr_carea' id='block_1_2' title="bbox 122 423 962 2928">
    <p class='ocr_par' dir='ltr' id='par_1_2' title="bbox 122 423 962 2928">
     <span class='ocr_line' id='line_1_2' title="bbox 206 423 876 507; baseline 0.006 -23"><span class='ocrx_word' id='word_1_5' title='bbox 206 443 280 507; x_wconf 79' lang='lat' dir='ltr'>page</span> <span class='ocrx_word' id='word_1_6' title='bbox 295 424 482 507; x_wconf 67' lang='lat' dir='ltr'>quadriennii)</span> <span class='ocrx_word' id='word_1_7' title='bbox 508 423 597 486; x_wconf 85' lang='lat' dir='ltr'>fuisse.</span> <span class='ocrx_word' id='word_1_8' title='bbox 618 423 771 507; x_wconf 80' lang='lat' dir='ltr'>Cuprellus</span> <span class='ocrx_word' id='word_1_9' title='bbox 788 426 816 486; x_wconf 91' lang='lat' dir='ltr'>in</span> <span class='ocrx_word' id='word_1_10' title='bbox 831 429 876 488; x_wconf 73' lang='lat' dir='ltr'>tas</span> 
     </span>
     <span class='ocr_line' id='line_1_3' title="bbox 206 505 882 590; baseline 0.003 -24"><span class='ocrx_word' id='word_1_11' title='bbox 206 505 316 576; x_wconf 66' lang='lat' dir='ltr'>cleda,</span> <span class='ocrx_word' id='word_1_12' title='bbox 337 508 474 586; x_wconf 89' lang='lat' dir='ltr'>quoniam</span> <span class='ocrx_word' id='word_1_13' title='bbox 491 525 594 588; x_wconf 87' lang='lat' dir='ltr'>praeter</span> <span class='ocrx_word' id='word_1_14' title='bbox 610 525 707 567; x_wconf 85' lang='lat' dir='ltr'>cetera</span> <span class='ocrx_word' id='word_1_15' title='bbox 719 529 778 568; x_wconf 90' lang='lat' dir='ltr'>uno</span> <span class='ocrx_word' id='word_1_16' title='bbox 790 509 819 566; x_wconf 90' lang='lat' dir='ltr'>in</span> <span class='ocrx_word' id='word_1_17' title='bbox 832 526 882 590; x_wconf 56' lang='lat' dir='ltr'>gei</span> 
     </span>
     <span class='ocr_line' id='line_1_4' title="bbox 206 588 881 648; baseline 0.003 -2"><span class='ocrx_word' id='word_1_18' title='bbox 206 607 276 647; x_wconf 89' lang='lat' dir='ltr'>nere</span> <span class='ocrx_word' id='word_1_19' title='bbox 293 588 419 646; x_wconf 85' lang='lat' dir='ltr'>materiae</span> <span class='ocrx_word' id='word_1_20' title='bbox 443 589 519 648; x_wconf 89' lang='lat' dir='ltr'>nitor</span> <span class='ocrx_word' id='word_1_21' title='bbox 541 588 666 648; x_wconf 58' lang='lat' dir='ltr'>maxim&amp;</span> <span class='ocrx_word' id='word_1_22' title='bbox 685 588 782 648; x_wconf 87' lang='lat' dir='ltr'>valeat</span> <span class='ocrx_word' id='word_1_23' title='bbox 801 605 881 648; x_wconf 83' lang='lat' dir='ltr'>aeter·</span> 
     </span>
     <span class='ocr_line' id='line_1_5' title="bbox 206 665 883 746; baseline 0 -18"><span class='ocrx_word' id='word_1_24' title='bbox 206 687 271 728; x_wconf 82' lang='lat' dir='ltr'>nus.</span> <span class='ocrx_word' id='word_1_25' title='bbox 298 667 405 728; x_wconf 89' lang='lat' dir='ltr'>Nonne</span> <span class='ocrx_word' id='word_1_26' title='bbox 423 668 607 729; x_wconf 82' lang='lat' dir='ltr'>simulacrum</span> <span class='ocrx_word' id='word_1_27' title='bbox 630 665 755 746; x_wconf 69' lang='lat' dir='ltr'>veiovis</span> <span class='ocrx_word' id='word_1_28' title='bbox 772 671 803 728; x_wconf 89' lang='lat' dir='ltr'>in</span> <span class='ocrx_word' id='word_1_29' title='bbox 821 685 883 730; x_wconf 85' lang='lat' dir='ltr'>arce</span> 
     </span>
     <span class='ocr_line' id='line_1_6' title="bbox 208 745 884 830; baseline 0 -20"><span class='ocrx_word' id='word_1_30' title='bbox 208 745 364 830; x_wconf 82' lang='lat' dir='ltr'>ecuprello</span> <span class='ocrx_word' id='word_1_31' title='bbox 386 748 487 821; x_wconf 85' lang='lat' dir='ltr'>durat,</span> <span class='ocrx_word' id='word_1_32' title='bbox 504 745 663 809; x_wconf 70' lang='lat' dir='ltr'>afcondira-</span> <span class='ocrx_word' id='word_1_33' title='bbox 680 748 764 810; x_wconf 86' lang='lat' dir='ltr'>Urbe</span> <span class='ocrx_word' id='word_1_34' title='bbox 777 765 884 810; x_wconf 74' lang='lat' dir='ltr'>nccxu</span> 
     </span>
     <span class='ocr_line' id='line_1_7' title="bbox 206 829 885 910; baseline 0 -20"><span class='ocrx_word' id='word_1_35' title='bbox 206 851 283 890; x_wconf 78' lang='lat' dir='ltr'>anno</span> <span class='ocrx_word' id='word_1_36' title='bbox 296 829 440 892; x_wconf 84' lang='lat' dir='ltr'>dicatum?</span> <span class='ocrx_word' id='word_1_37' title='bbox 454 829 654 910; x_wconf 57' lang='lat' dir='ltr'>Memorabile</span> <span class='ocrx_word' id='word_1_38' title='bbox 662 829 700 890; x_wconf 61' lang='lat' dir='ltr'>*dt</span> <span class='ocrx_word' id='word_1_39' title='bbox 708 829 804 890; x_wconf 71' lang='lat' dir='ltr'>Uticae</span> <span class='ocrx_word' id='word_1_40' title='bbox 816 845 885 891; x_wconf 86' lang='lat' dir='ltr'>tern-</span> 
     </span>
     <span class='ocr_line' id='line_1_8' title="bbox 206 909 886 994; baseline -0.001 -23"><span class='ocrx_word' id='word_1_41' title='bbox 206 912 288 994; x_wconf 88' lang='lat' dir='ltr'>plum</span> <span class='ocrx_word' id='word_1_42' title='bbox 306 910 533 990; x_wconf 59' lang='lat' dir='ltr'>Apollinis,¹ubi</span> <span class='ocrx_word' id='word_1_43' title='bbox 551 909 770 972; x_wconf 77' lang='lat' dir='ltr'>Numidicarum</span> <span class='ocrx_word' id='word_1_44' title='bbox 790 911 886 972; x_wconf 89' lang='lat' dir='ltr'>cedro·</span> 
     </span>
     <span class='ocr_line' id='line_1_9' title="bbox 206 991 886 1072; baseline -0.001 -20"><span class='ocrx_word' id='word_1_45' title='bbox 206 1011 271 1052; x_wconf 84' lang='lat' dir='ltr'>rum</span> <span class='ocrx_word' id='word_1_46' title='bbox 285 991 380 1050; x_wconf 83' lang='lat' dir='ltr'>trabes</span> <span class='ocrx_word' id='word_1_47' title='bbox 391 991 517 1064; x_wconf 77' lang='lat' dir='ltr'>durant,¹</span> <span class='ocrx_word' id='word_1_48' title='bbox 526 991 566 1050; x_wconf 75' lang='lat' dir='ltr'>ita</span> <span class='ocrx_word' id='word_1_49' title='bbox 575 1004 606 1050; x_wconf 66' lang='lat' dir='ltr'>ut·</span> <span class='ocrx_word' id='word_1_50' title='bbox 618 993 721 1072; x_wconf 76' lang='lat' dir='ltr'>positae</span> <span class='ocrx_word' id='word_1_51' title='bbox 735 991 819 1052; x_wconf 88' lang='lat' dir='ltr'>fuere</span> <span class='ocrx_word' id='word_1_52' title='bbox 830 993 886 1072; x_wconf 87' lang='lat' dir='ltr'>pri·</span> 
     </span>
     <span class='ocr_line' id='line_1_10' title="bbox 206 1071 887 1153; baseline 0 -21"><span class='ocrx_word' id='word_1_53' title='bbox 206 1073 255 1132; x_wconf 74' lang='lat' dir='ltr'>md</span> <span class='ocrx_word' id='word_1_54' title='bbox 272 1071 349 1130; x_wconf 85' lang='lat' dir='ltr'>urbis</span> <span class='ocrx_word' id='word_1_55' title='bbox 369 1071 432 1149; x_wconf 81' lang='lat' dir='ltr'>ejus</span> <span class='ocrx_word' id='word_1_56' title='bbox 449 1073 580 1153; x_wconf 82' lang='lat' dir='ltr'>origine,</span> <span class='ocrx_word' id='word_1_57' title='bbox 600 1074 680 1132; x_wconf 84' lang='lat' dir='ltr'>annis</span> <span class='ocrx_word' id='word_1_58' title='bbox 699 1085 887 1134; x_wconf 71' lang='lat' dir='ltr'>Mcuxxxm</span> 
     </span>
     <span class='ocr_line' id='line_1_11' title="bbox 206 1149 886 1235; baseline 0.003 -23"><span class='ocrx_word' id='word_1_59' title='bbox 206 1149 245 1212; x_wconf 88' lang='lat' dir='ltr'>Et</span> <span class='ocrx_word' id='word_1_60' title='bbox 258 1153 287 1212; x_wconf 92' lang='lat' dir='ltr'>in</span> <span class='ocrx_word' id='word_1_61' title='bbox 302 1149 565 1235; x_wconf 74' lang='lat' dir='ltr'>HispanibSagunti</span> <span class='ocrx_word' id='word_1_62' title='bbox 574 1156 654 1214; x_wconf 85' lang='lat' dir='ltr'>aiunt</span> <span class='ocrx_word' id='word_1_63' title='bbox 665 1153 811 1234; x_wconf 86' lang='lat' dir='ltr'>templum</span> <span class='ocrx_word' id='word_1_64' title='bbox 821 1151 886 1222; x_wconf 66' lang='lat' dir='ltr'>Diu</span> 
     </span>
     <span class='ocr_line' id='line_1_12' title="bbox 206 1231 884 1312; baseline -0.003 -18"><span class='ocrx_word' id='word_1_65' title='bbox 206 1253 252 1294; x_wconf 81' lang='lat' dir='ltr'>nae</span> <span class='ocrx_word' id='word_1_66' title='bbox 264 1231 440 1312; x_wconf 79' lang='lat' dir='ltr'>aZacyntho</span> <span class='ocrx_word' id='word_1_67' title='bbox 451 1233 578 1296; x_wconf 70' lang='lat' dir='ltr'>advedae</span> <span class='ocrx_word' id='word_1_68' title='bbox 588 1253 655 1294; x_wconf 88' lang='lat' dir='ltr'>cum</span> <span class='ocrx_word' id='word_1_69' title='bbox 668 1233 884 1306; x_wconf 85' lang='lat' dir='ltr'>conditoribus,</span> 
     </span>
     <span class='ocr_line' id='line_1_13' title="bbox 206 1313 885 1394; baseline 0.001 -23"><span class='ocrx_word' id='word_1_70' title='bbox 206 1314 287 1372; x_wconf 82' lang='lat' dir='ltr'>annis</span> <span class='ocrx_word' id='word_1_71' title='bbox 307 1313 439 1376; x_wconf 88' lang='lat' dir='ltr'>ducentis</span> <span class='ocrx_word' id='word_1_72' title='bbox 457 1329 522 1374; x_wconf 87' lang='lat' dir='ltr'>ante</span> <span class='ocrx_word' id='word_1_73' title='bbox 540 1315 686 1374; x_wconf 78' lang='lat' dir='ltr'>excidium</span> <span class='ocrx_word' id='word_1_74' title='bbox 709 1313 833 1394; x_wconf 80' lang='lat' dir='ltr'>Trojae,</span> <span class='ocrx_word' id='word_1_75' title='bbox 854 1331 885 1374; x_wconf 91' lang='lat' dir='ltr'>ut</span> 
     </span>
     <span class='ocr_line' id='line_1_14' title="bbox 206 1392 887 1478; baseline 0.003 -26"><span class='ocrx_word' id='word_1_76' title='bbox 206 1392 305 1454; x_wconf 71' lang='lat' dir='ltr'>audior</span> <span class='ocrx_word' id='word_1_77' title='bbox 320 1392 362 1456; x_wconf 87' lang='lat' dir='ltr'>est</span> <span class='ocrx_word' id='word_1_78' title='bbox 379 1395 530 1468; x_wconf 84' lang='lat' dir='ltr'>Bocchus,</span> <span class='ocrx_word' id='word_1_79' title='bbox 541 1393 671 1478; x_wconf 83' lang='lat' dir='ltr'>infraque</span> <span class='ocrx_word' id='word_1_80' title='bbox 682 1415 724 1477; x_wconf 91' lang='lat' dir='ltr'>op</span> <span class='ocrx_word' id='word_1_81' title='bbox 746 1395 828 1456; x_wconf 88' lang='lat' dir='ltr'>idum</span> <span class='ocrx_word' id='word_1_82' title='bbox 842 1395 887 1476; x_wconf 83' lang='lat' dir='ltr'>ip·</span> 
     </span>
     <span class='ocr_line' id='line_1_15' title="bbox 207 1471 886 1558; baseline -0.001 -23"><span class='ocrx_word' id='word_1_83' title='bbox 207 1471 269 1535; x_wconf 81' lang='lat' dir='ltr'>sum</span> <span class='ocrx_word' id='word_1_84' title='bbox 287 1473 318 1534; x_wconf 88' lang='lat' dir='ltr'>id</span> <span class='ocrx_word' id='word_1_85' title='bbox 341 1475 448 1536; x_wconf 86' lang='lat' dir='ltr'>haberi.</span> <span class='ocrx_word' id='word_1_86' title='bbox 472 1474 529 1538; x_wconf 92' lang='lat' dir='ltr'>Cui</span> <span class='ocrx_word' id='word_1_87' title='bbox 547 1477 704 1558; x_wconf 85' lang='lat' dir='ltr'>pepercitr</span> <span class='ocrx_word' id='word_1_88' title='bbox 733 1477 831 1558; x_wconf 82' lang='lat' dir='ltr'>igione</span> <span class='ocrx_word' id='word_1_89' title='bbox 845 1479 886 1536; x_wconf 88' lang='lat' dir='ltr'>in·</span> 
     </span>
     <span class='ocr_line' id='line_1_16' title="bbox 206 1554 884 1638; baseline 0 -22"><span class='ocrx_word' id='word_1_90' title='bbox 206 1555 307 1616; x_wconf 75' lang='lat' dir='ltr'>duilus</span> <span class='ocrx_word' id='word_1_91' title='bbox 327 1554 471 1626; x_wconf 84' lang='lat' dir='ltr'>Annibal,</span> <span class='ocrx_word' id='word_1_92' title='bbox 488 1556 613 1638; x_wconf 79' lang='lat' dir='ltr'>juniperi</span> <span class='ocrx_word' id='word_1_93' title='bbox 641 1555 770 1620; x_wconf 80' lang='lat' dir='ltr'>trabibus</span> <span class='ocrx_word' id='word_1_94' title='bbox 799 1560 884 1619; x_wconf 86' lang='lat' dir='ltr'>etiam</span> 
     </span>
     <span class='ocr_line' id='line_1_17' title="bbox 208 1635 885 1728; baseline -0.003 -30"><span class='ocrx_word' id='word_1_95' title='bbox 208 1655 285 1698; x_wconf 88' lang='lat' dir='ltr'>nunc</span> <span class='ocrx_word' id='word_1_96' title='bbox 309 1636 484 1699; x_wconf 81' lang='lat' dir='ltr'>durantibus.</span> <span class='ocrx_word' id='word_1_97' title='bbox 512 1635 605 1728; x_wconf 78' lang='lat' dir='ltr'>Super</span> <span class='ocrx_word' id='word_1_98' title='bbox 622 1639 720 1700; x_wconf 84' lang='lat' dir='ltr'>omnia</span> <span class='ocrx_word' id='word_1_99' title='bbox 740 1656 885 1700; x_wconf 87' lang='lat' dir='ltr'>memora·</span> 
     </span>
     <span class='ocr_line' id='line_1_18' title="bbox 206 1715 885 1796; baseline 0 -18"><span class='ocrx_word' id='word_1_100' title='bbox 206 1733 253 1778; x_wconf 90' lang='lat' dir='ltr'>tur</span> <span class='ocrx_word' id='word_1_101' title='bbox 272 1715 349 1778; x_wconf 78' lang='lat' dir='ltr'>aedes</span> <span class='ocrx_word' id='word_1_102' title='bbox 366 1720 395 1778; x_wconf 95' lang='lat' dir='ltr'>in</span> <span class='ocrx_word' id='word_1_103' title='bbox 412 1717 521 1778; x_wconf 84' lang='lat' dir='ltr'>Aulide</span> <span class='ocrx_word' id='word_1_104' title='bbox 540 1716 669 1796; x_wconf 70' lang='lat' dir='ltr'>ejusdem</span> <span class='ocrx_word' id='word_1_105' title='bbox 691 1717 775 1792; x_wconf 72' lang='lat' dir='ltr'>dee,</span> <span class='ocrx_word' id='word_1_106' title='bbox 800 1717 885 1780; x_wconf 74' lang='lat' dir='ltr'>secu·</span> 
     </span>
     <span class='ocr_line' id='line_1_19' title="bbox 137 1797 884 1879; baseline -0.001 -20"><span class='ocrx_word' id='word_1_107' title='bbox 137 1835 141 1842; x_wconf 91' lang='lat'><strong>·</strong></span> <span class='ocrx_word' id='word_1_108' title='bbox 207 1798 242 1859; x_wconf 81' lang='lat' dir='ltr'>lis</span> <span class='ocrx_word' id='word_1_109' title='bbox 263 1797 375 1879; x_wconf 83' lang='lat' dir='ltr'>aliquot</span> <span class='ocrx_word' id='word_1_110' title='bbox 388 1815 456 1859; x_wconf 83' lang='lat' dir='ltr'>ante</span> <span class='ocrx_word' id='word_1_111' title='bbox 473 1797 635 1878; x_wconf 73' lang='lat' dir='ltr'>Troianum</span> <span class='ocrx_word' id='word_1_112' title='bbox 652 1798 764 1860; x_wconf 89' lang='lat' dir='ltr'>bellum</span> <span class='ocrx_word' id='word_1_113' title='bbox 781 1799 884 1862; x_wconf 81' lang='lat' dir='ltr'>exaedi·</span> 
     </span>
     <span class='ocr_line' id='line_1_20' title="bbox 207 1876 884 1960; baseline 0.003 -22"><span class='ocrx_word' id='word_1_114' title='bbox 207 1876 316 1939; x_wconf 80' lang='lat' dir='ltr'>ficata:</span> <span class='ocrx_word' id='word_1_115' title='bbox 337 1899 464 1960; x_wconf 88' lang='lat' dir='ltr'>quonam</span> <span class='ocrx_word' id='word_1_116' title='bbox 482 1899 588 1960; x_wconf 83' lang='lat' dir='ltr'>genere</span> <span class='ocrx_word' id='word_1_117' title='bbox 616 1881 743 1950; x_wconf 69' lang='lat' dir='ltr'>materie</span> <span class='ocrx_word' id='word_1_118' title='bbox 770 1878 884 1942; x_wconf 81' lang='lat' dir='ltr'>scientia</span> 
     </span>
     <span class='ocr_line' id='line_1_21' title="bbox 122 1957 883 2042; baseline 0.003 -24"><span class='ocrx_word' id='word_1_119' title='bbox 122 1971 125 1979; x_wconf 87' lang='lat'>&#39;</span> <span class='ocrx_word' id='word_1_120' title='bbox 207 1957 366 2020; x_wconf 83' lang='lat' dir='ltr'>obliterata.</span> <span class='ocrx_word' id='word_1_121' title='bbox 383 1959 417 2020; x_wconf 90' lang='lat' dir='ltr'>In</span> <span class='ocrx_word' id='word_1_122' title='bbox 437 1959 555 2040; x_wconf 87' lang='lat' dir='ltr'>plenum</span> <span class='ocrx_word' id='word_1_123' title='bbox 577 1960 635 2020; x_wconf 89' lang='lat' dir='ltr'>dici</span> <span class='ocrx_word' id='word_1_124' title='bbox 654 1958 770 2042; x_wconf 86' lang='lat' dir='ltr'>potest,</span> <span class='ocrx_word' id='word_1_125' title='bbox 785 1963 883 2042; x_wconf 76' lang='lat' dir='ltr'>utique</span> 
     </span>
     <span class='ocr_line' id='line_1_22' title="bbox 247 2040 884 2125; baseline 0.006 -27"><span class='ocrx_word' id='word_1_126' title='bbox 247 2060 271 2098; x_wconf 76' lang='lat' dir='ltr'>ae</span> <span class='ocrx_word' id='word_1_127' title='bbox 290 2040 384 2101; x_wconf 88' lang='lat' dir='ltr'>odore</span> <span class='ocrx_word' id='word_1_128' title='bbox 397 2040 581 2122; x_wconf 85' lang='lat' dir='ltr'>praecellant,</span> <span class='ocrx_word' id='word_1_129' title='bbox 592 2059 626 2100; x_wconf 87' lang='lat' dir='ltr'>ea</span> <span class='ocrx_word' id='word_1_130' title='bbox 639 2042 799 2104; x_wconf 76' lang='lat' dir='ltr'>eternitate</span> <span class='ocrx_word' id='word_1_131' title='bbox 813 2043 884 2125; x_wconf 60' lang='lat' dir='ltr'>praess</span> 
     </span>
     <span class='ocr_line' id='line_1_23' title="bbox 232 2139 822 2185; baseline 0.003 -6"><span class='ocrx_word' id='word_1_132' title='bbox 232 2139 289 2180; x_wconf 86' lang='lat' dir='ltr'>are.</span> <span class='ocrx_word' id='word_1_133' title='bbox 460 2152 463 2158; x_wconf 77' lang='lat'><em>‚</em></span> <span class='ocrx_word' id='word_1_134' title='bbox 607 2180 610 2185; x_wconf 82' lang='grc'><strong>,</strong></span> <span class='ocrx_word' id='word_1_135' title='bbox 754 2141 757 2146; x_wconf 94' lang='grc'><em>·</em></span> <span class='ocrx_word' id='word_1_136' title='bbox 818 2151 822 2161; x_wconf 52' lang='lat'><em>⁷</em></span> 
     </span>
     <span class='ocr_line' id='line_1_24' title="bbox 247 2197 884 2283; baseline 0 -23"><span class='ocrx_word' id='word_1_137' title='bbox 247 2197 436 2279; x_wconf 77' lang='lat' dir='ltr'>Apraediffis</span> <span class='ocrx_word' id='word_1_138' title='bbox 460 2219 560 2260; x_wconf 89' lang='lat' dir='ltr'>morus</span> <span class='ocrx_word' id='word_1_139' title='bbox 577 2200 711 2283; x_wconf 52' lang='lat' dir='ltr'>proxim&amp;</span> <span class='ocrx_word' id='word_1_140' title='bbox 733 2199 884 2273; x_wconf 56' lang='lat' dir='ltr'>laudaram·</span> 
     </span>
     <span class='ocr_line' id='line_1_25' title="bbox 206 2278 883 2365; baseline 0.003 -27"><span class='ocrx_word' id='word_1_141' title='bbox 206 2299 271 2362; x_wconf 78' lang='lat' dir='ltr'>quae</span> <span class='ocrx_word' id='word_1_142' title='bbox 286 2278 428 2339; x_wconf 81' lang='lat' dir='ltr'>vetustate</span> <span class='ocrx_word' id='word_1_143' title='bbox 444 2283 530 2340; x_wconf 86' lang='lat' dir='ltr'>etiam</span> <span class='ocrx_word' id='word_1_144' title='bbox 543 2280 683 2362; x_wconf 86' lang='lat' dir='ltr'>nigrescit.</span> <span class='ocrx_word' id='word_1_145' title='bbox 704 2280 743 2342; x_wconf 88' lang='lat' dir='ltr'>Et</span> <span class='ocrx_word' id='word_1_146' title='bbox 753 2282 883 2365; x_wconf 67' lang='lat' dir='ltr'>quedam</span> 
     </span>
     <span class='ocr_line' id='line_1_26' title="bbox 207 2359 882 2444; baseline -0.003 -22"><span class='ocrx_word' id='word_1_147' title='bbox 207 2378 305 2422; x_wconf 87' lang='lat' dir='ltr'>tamen</span> <span class='ocrx_word' id='word_1_148' title='bbox 314 2360 345 2417; x_wconf 92' lang='lat' dir='ltr'>in</span> <span class='ocrx_word' id='word_1_149' title='bbox 357 2359 417 2419; x_wconf 85' lang='lat' dir='ltr'>aliis</span> <span class='ocrx_word' id='word_1_150' title='bbox 429 2359 608 2422; x_wconf 86' lang='lat' dir='ltr'>diuturniora</span> <span class='ocrx_word' id='word_1_151' title='bbox 616 2361 678 2424; x_wconf 89' lang='lat' dir='ltr'>sunt</span> <span class='ocrx_word' id='word_1_152' title='bbox 688 2362 786 2425; x_wconf 85' lang='lat' dir='ltr'>usibus</span> <span class='ocrx_word' id='word_1_153' title='bbox 795 2363 882 2444; x_wconf 65' lang='lat' dir='ltr'>quaint</span> 
     </span>
     <span class='ocr_line' id='line_1_27' title="bbox 206 2439 886 2522; baseline 0 -20"><span class='ocrx_word' id='word_1_154' title='bbox 206 2441 272 2502; x_wconf 76' lang='lat' dir='ltr'>alia.</span> <span class='ocrx_word' id='word_1_155' title='bbox 288 2439 394 2500; x_wconf 86' lang='lat' dir='ltr'>Ulmus</span> <span class='ocrx_word' id='word_1_156' title='bbox 410 2442 439 2500; x_wconf 91' lang='lat' dir='ltr'>in</span> <span class='ocrx_word' id='word_1_157' title='bbox 454 2441 575 2522; x_wconf 86' lang='lat' dir='ltr'>perflatu</span> <span class='ocrx_word' id='word_1_158' title='bbox 599 2439 703 2514; x_wconf 83' lang='lat' dir='ltr'>firma,</span> <span class='ocrx_word' id='word_1_159' title='bbox 724 2442 814 2504; x_wconf 88' lang='lat' dir='ltr'>robur</span> <span class='ocrx_word' id='word_1_160' title='bbox 834 2442 886 2502; x_wconf 60' lang='lat' dir='ltr'>de*</span> 
     </span>
     <span class='ocr_line' id='line_1_28' title="bbox 147 2517 883 2604; baseline 0 -20"><span class='ocrx_word' id='word_1_161' title='bbox 147 2517 150 2524; x_wconf 77' lang='grc'><strong><em>’</em></strong></span> <span class='ocrx_word' id='word_1_162' title='bbox 206 2518 331 2592; x_wconf 78' lang='lat' dir='ltr'>fossum,</span> <span class='ocrx_word' id='word_1_163' title='bbox 353 2523 386 2584; x_wconf 89' lang='lat'>&amp;</span> <span class='ocrx_word' id='word_1_164' title='bbox 403 2523 432 2582; x_wconf 91' lang='lat' dir='ltr'>in</span> <span class='ocrx_word' id='word_1_165' title='bbox 448 2524 528 2604; x_wconf 87' lang='lat' dir='ltr'>aquis</span> <span class='ocrx_word' id='word_1_166' title='bbox 548 2542 669 2599; x_wconf 85' lang='lat' dir='ltr'>quercus</span> <span class='ocrx_word' id='word_1_167' title='bbox 690 2523 803 2586; x_wconf 75' lang='lat' dir='ltr'>obruta</span> <span class='ocrx_word' id='word_1_168' title='bbox 828 2522 883 2584; x_wconf 83' lang='lat' dir='ltr'>Ea-</span> 
     </span>
     <span class='ocr_line' id='line_1_29' title="bbox 207 2600 884 2685; baseline 0 -23"><span class='ocrx_word' id='word_1_169' title='bbox 207 2601 278 2663; x_wconf 87' lang='lat' dir='ltr'>dem</span> <span class='ocrx_word' id='word_1_170' title='bbox 297 2601 380 2684; x_wconf 86' lang='lat' dir='ltr'>supra</span> <span class='ocrx_word' id='word_1_171' title='bbox 393 2618 496 2664; x_wconf 85' lang='lat' dir='ltr'>terram</span> <span class='ocrx_word' id='word_1_172' title='bbox 514 2600 618 2664; x_wconf 83' lang='lat' dir='ltr'>rimosa</span> <span class='ocrx_word' id='word_1_173' title='bbox 632 2601 811 2685; x_wconf 80' lang='lat' dir='ltr'>facitopera,</span> <span class='ocrx_word' id='word_1_174' title='bbox 825 2621 884 2666; x_wconf 90' lang='lat' dir='ltr'>tor·</span> 
     </span>
     <span class='ocr_line' id='line_1_30' title="bbox 229 2681 882 2766; baseline 0.005 -25"><span class='ocrx_word' id='word_1_175' title='bbox 229 2681 325 2742; x_wconf 88' lang='lat' dir='ltr'>nendo</span> <span class='ocrx_word' id='word_1_176' title='bbox 341 2682 409 2763; x_wconf 81' lang='lat' dir='ltr'>lese.</span> <span class='ocrx_word' id='word_1_177' title='bbox 428 2684 511 2744; x_wconf 83' lang='lat' dir='ltr'>Larix</span> <span class='ocrx_word' id='word_1_178' title='bbox 529 2686 559 2742; x_wconf 90' lang='lat' dir='ltr'>in</span> <span class='ocrx_word' id='word_1_179' title='bbox 580 2683 702 2746; x_wconf 80' lang='lat' dir='ltr'>humore</span> <span class='ocrx_word' id='word_1_180' title='bbox 718 2685 882 2766; x_wconf 71' lang='lat' dir='ltr'>precipua,</span> 
     </span>
     <span class='ocr_line' id='line_1_31' title="bbox 258 2762 880 2826; baseline 0.005 -5"><span class='ocrx_word' id='word_1_181' title='bbox 258 2762 338 2822; x_wconf 86' lang='lat' dir='ltr'>alnus</span> <span class='ocrx_word' id='word_1_182' title='bbox 364 2766 392 2823; x_wconf 89' lang='lat' dir='ltr'>ni</span> <span class='ocrx_word' id='word_1_183' title='bbox 427 2785 451 2824; x_wconf 90' lang='lat' dir='ltr'>a.</span> <span class='ocrx_word' id='word_1_184' title='bbox 479 2764 581 2825; x_wconf 86' lang='lat' dir='ltr'>Robur</span> <span class='ocrx_word' id='word_1_185' title='bbox 596 2765 743 2826; x_wconf 61' lang='lat' dir='ltr'>marinio</span> <span class='ocrx_word' id='word_1_186' title='bbox 782 2765 880 2825; x_wconf 73' lang='lat' dir='ltr'>deor·</span> 
     </span>
     <span class='ocr_line' id='line_1_32' title="bbox 205 2783 962 2928; baseline -0.003 -24"><span class='ocrx_word' id='word_1_187' title='bbox 205 2844 359 2923; x_wconf 73' lang='lat' dir='ltr'>rumpitur.</span> <span class='ocrx_word' id='word_1_188' title='bbox 389 2783 461 2909; x_wconf 49' lang='lat' dir='ltr'>§on</span> <span class='ocrx_word' id='word_1_189' title='bbox 487 2843 668 2927; x_wconf 84' lang='lat' dir='ltr'>improbatur</span> <span class='ocrx_word' id='word_1_190' title='bbox 692 2845 726 2908; x_wconf 78' lang='grc' dir='ltr'>δι</span> <span class='ocrx_word' id='word_1_191' title='bbox 743 2787 828 2928; x_wconf 51' lang='lat' dir='ltr'>‘ligus</span> <span class='ocrx_word' id='word_1_192' title='bbox 851 2845 882 2903; x_wconf 87' lang='lat' dir='ltr'>in</span> <span class='ocrx_word' id='word_1_193' title='bbox 957 2894 962 2917; x_wconf 64' lang='lat'>,</span> 
     </span>
    </p>
   </div>
   <div class='ocr_carea' id='block_1_3' title="bbox 788 2923 883 3008">
    <p class='ocr_par' dir='ltr' id='par_1_3' title="bbox 788 2923 883 3008">
     <span class='ocr_line' id='line_1_33' title="bbox 788 2923 883 3008; baseline -0.011 -23"><span class='ocrx_word' id='word_1_194' title='bbox 788 2923 883 3008; x_wconf 70' lang='lat' dir='ltr'>aqud,</span> 
     </span>
    </p>
   </div>
   <div class='ocr_carea' id='block_1_4' title="bbox 0 0 966 3586">
    <p class='ocr_par' dir='ltr' id='par_1_4' title="bbox 0 0 966 3586">
     <span class='ocr_line' id='line_1_34' title="bbox 0 0 966 3586; baseline 0 0"><span class='ocrx_word' id='word_1_195' title='bbox 0 0 966 3586; x_wconf 95' lang='lat' dir='ltr'> </span> 
     </span>
    </p>
   </div>
   <div class='ocr_carea' id='block_1_5' title="bbox 960 479 962 984">
    <p class='ocr_par' dir='ltr' id='par_1_5' title="bbox 960 479 962 984">
     <span class='ocr_line' id='line_1_35' title="bbox 960 479 962 984; baseline 0 0"><span class='ocrx_word' id='word_1_196' title='bbox 960 479 962 984; x_wconf 95' lang='lat' dir='ltr'> </span> 
     </span>
    </p>
   </div>
  </div>
 </body>
</html>
