<?xml version="1.0" encoding="UTF-8"?>
<!DOCTYPE html PUBLIC "-//W3C//DTD XHTML 1.0 Transitional//EN"
    "http://www.w3.org/TR/xhtml1/DTD/xhtml1-transitional.dtd">
<html xmlns="http://www.w3.org/1999/xhtml" xml:lang="en" lang="en">
 <head>
  <title>
</title>
<meta http-equiv="Content-Type" content="text/html;charset=utf-8" />
  <meta name='ocr-system' content='tesseract 3.04.00' />
  <meta name='ocr-capabilities' content='ocr_page ocr_carea ocr_par ocr_line ocrx_word'/>
</head>
<body>
  <div class='ocr_page' id='page_1' title='image "./caiipliniisecun01brotgoog_0074.png"; bbox 0 0 2012 3588; ppageno 0'>
   <div class='ocr_carea' id='block_1_1' title="bbox 228 267 748 366">
    <p class='ocr_par' dir='ltr' id='par_1_1' title="bbox 228 267 748 366">
     <span class='ocr_line' id='line_1_1' title="bbox 228 267 748 366; baseline 0 -28"><span class='ocrx_word' id='word_1_1' title='bbox 228 269 428 340; x_wconf 71' lang='lat' dir='ltr'>Hieron.</span> <span class='ocrx_word' id='word_1_2' title='bbox 448 269 519 340; x_wconf 89' lang='lat' dir='ltr'>Lib.</span> <span class='ocrx_word' id='word_1_3' title='bbox 534 267 627 340; x_wconf 84' lang='lat' dir='ltr'>Xiil.</span> <span class='ocrx_word' id='word_1_4' title='bbox 704 267 748 366; x_wconf 83' lang='lat'>65</span> 
     </span>
    </p>
   </div>
   <div class='ocr_carea' id='block_1_2' title="bbox 98 387 810 2895">
    <p class='ocr_par' dir='ltr' id='par_1_2' title="bbox 99 387 761 1096">
     <span class='ocr_line' id='line_1_2' title="bbox 104 387 755 470; baseline -0.006 -20"><span class='ocrx_word' id='word_1_5' title='bbox 104 403 227 450; x_wconf 78' lang='lat' dir='ltr'>vorantes.</span> <span class='ocrx_word' id='word_1_6' title='bbox 241 387 368 450; x_wconf 76' lang='lat' dir='ltr'>Nascitur</span> <span class='ocrx_word' id='word_1_7' title='bbox 379 391 410 452; x_wconf 70' lang='grc' dir='ltr'>ὅ(</span> <span class='ocrx_word' id='word_1_8' title='bbox 421 391 449 449; x_wconf 88' lang='lat' dir='ltr'>in</span> <span class='ocrx_word' id='word_1_9' title='bbox 465 387 572 470; x_wconf 77' lang='lat' dir='ltr'>Syria,</span> <span class='ocrx_word' id='word_1_10' title='bbox 583 390 655 447; x_wconf 85' lang='lat' dir='ltr'>circa</span> <span class='ocrx_word' id='word_1_11' title='bbox 666 405 755 468; x_wconf 86' lang='lat' dir='ltr'>quern</span> 
     </span>
     <span class='ocr_line' id='line_1_3' title="bbox 105 467 756 549; baseline -0.006 -21"><span class='ocrx_word' id='word_1_12' title='bbox 105 469 216 530; x_wconf 83' lang='lat' dir='ltr'>odoratus</span> <span class='ocrx_word' id='word_1_13' title='bbox 232 469 277 530; x_wconf 90' lang='lat' dir='ltr'>ilie</span> <span class='ocrx_word' id='word_1_14' title='bbox 297 471 441 544; x_wconf 86' lang='lat' dir='ltr'>calamus,</span> <span class='ocrx_word' id='word_1_15' title='bbox 457 471 562 530; x_wconf 85' lang='lat' dir='ltr'>lacum.</span> <span class='ocrx_word' id='word_1_16' title='bbox 578 467 683 549; x_wconf 85' lang='lat' dir='ltr'>Neque</span> <span class='ocrx_word' id='word_1_17' title='bbox 694 468 756 526; x_wconf 82' lang='lat' dir='ltr'>aliia</span> 
     </span>
     <span class='ocr_line' id='line_1_4' title="bbox 106 545 758 632; baseline -0.002 -25"><span class='ocrx_word' id='word_1_18' title='bbox 106 547 158 608; x_wconf 83' lang='lat' dir='ltr'>usus</span> <span class='ocrx_word' id='word_1_19' title='bbox 174 549 225 627; x_wconf 83' lang='lat' dir='ltr'>est,</span> <span class='ocrx_word' id='word_1_20' title='bbox 241 549 327 632; x_wconf 68' lang='lat' dir='ltr'>quint</span> <span class='ocrx_word' id='word_1_21' title='bbox 348 551 434 622; x_wconf 91' lang='lat' dir='ltr'>inde,</span> <span class='ocrx_word' id='word_1_22' title='bbox 454 548 569 610; x_wconf 89' lang='lat' dir='ltr'>funibus</span> <span class='ocrx_word' id='word_1_23' title='bbox 592 567 642 608; x_wconf 81' lang='lat' dir='ltr'>rex</span> <span class='ocrx_word' id='word_1_24' title='bbox 669 545 758 607; x_wconf 82' lang='lat' dir='ltr'>Anti·</span> 
     </span>
     <span class='ocr_line' id='line_1_5' title="bbox 109 625 761 708; baseline 0 -20"><span class='ocrx_word' id='word_1_25' title='bbox 109 646 177 708; x_wconf 79' lang='lat' dir='ltr'>genus</span> <span class='ocrx_word' id='word_1_26' title='bbox 190 633 214 689; x_wconf 83' lang='lat' dir='ltr'>In</span> <span class='ocrx_word' id='word_1_27' title='bbox 234 625 383 693; x_wconf 75' lang='lat' dir='ltr'>navalibus</span> <span class='ocrx_word' id='word_1_28' title='bbox 394 633 499 703; x_wconf 81' lang='lat' dir='ltr'>rebus,</span> <span class='ocrx_word' id='word_1_29' title='bbox 520 629 651 690; x_wconf 90' lang='lat' dir='ltr'>nondum</span> <span class='ocrx_word' id='word_1_30' title='bbox 663 625 761 708; x_wconf 65' lang='lat' dir='ltr'>sparte</span> 
     </span>
     <span class='ocr_line' id='line_1_6' title="bbox 106 705 761 794; baseline 0 -27"><span class='ocrx_word' id='word_1_31' title='bbox 106 712 298 774; x_wconf 85' lang='lat' dir='ltr'>communicato.</span> <span class='ocrx_word' id='word_1_32' title='bbox 324 712 427 794; x_wconf 86' lang='lat' dir='ltr'>Nuper</span> <span class='ocrx_word' id='word_1_33' title='bbox 444 714 476 774; x_wconf 72' lang='grc' dir='ltr'>δι</span> <span class='ocrx_word' id='word_1_34' title='bbox 492 715 521 770; x_wconf 93' lang='lat' dir='ltr'>in</span> <span class='ocrx_word' id='word_1_35' title='bbox 540 707 685 792; x_wconf 82' lang='lat' dir='ltr'>Euphrate</span> <span class='ocrx_word' id='word_1_36' title='bbox 697 705 761 767; x_wconf 86' lang='lat' dir='ltr'>nas·</span> 
     </span>
     <span class='ocr_line' id='line_1_7' title="bbox 103 789 759 874; baseline 0.003 -27"><span class='ocrx_word' id='word_1_37' title='bbox 103 807 155 850; x_wconf 83' lang='lat' dir='ltr'>cens</span> <span class='ocrx_word' id='word_1_38' title='bbox 171 793 237 854; x_wconf 88' lang='lat' dir='ltr'>circa</span> <span class='ocrx_word' id='word_1_39' title='bbox 265 792 450 874; x_wconf 78' lang='lat' dir='ltr'>Babylonem</span> <span class='ocrx_word' id='word_1_40' title='bbox 473 812 509 873; x_wconf 92' lang='lat' dir='ltr'>pa</span> <span class='ocrx_word' id='word_1_41' title='bbox 530 807 618 872; x_wconf 86' lang='lat' dir='ltr'>yrum</span> <span class='ocrx_word' id='word_1_42' title='bbox 642 789 759 850; x_wconf 83' lang='lat' dir='ltr'>inteIIe·</span> 
     </span>
     <span class='ocr_line' id='line_1_8' title="bbox 101 813 759 934; baseline 0 -4"><span class='ocrx_word' id='word_1_43' title='bbox 101 867 161 930; x_wconf 77' lang='lat' dir='ltr'>duur</span> <span class='ocrx_word' id='word_1_44' title='bbox 180 871 217 934; x_wconf 86' lang='lat' dir='ltr'>est</span> <span class='ocrx_word' id='word_1_45' title='bbox 240 875 381 934; x_wconf 88' lang='lat' dir='ltr'>eumdem</span> <span class='ocrx_word' id='word_1_46' title='bbox 402 872 482 932; x_wconf 88' lang='lat' dir='ltr'>usum</span> <span class='ocrx_word' id='word_1_47' title='bbox 510 813 617 932; x_wconf 70' lang='lat' dir='ltr'>Iabere</span> <span class='ocrx_word' id='word_1_48' title='bbox 643 872 759 931; x_wconf 84' lang='lat' dir='ltr'>chartae.</span> 
     </span>
     <span class='ocr_line' id='line_1_9' title="bbox 100 947 758 1015; baseline 0.005 -7"><span class='ocrx_word' id='word_1_49' title='bbox 100 947 129 1008; x_wconf 89' lang='lat' dir='ltr'>Et</span> <span class='ocrx_word' id='word_1_50' title='bbox 146 968 237 1014; x_wconf 51' lang='lat' dir='ltr'>tamen*</span> <span class='ocrx_word' id='word_1_51' title='bbox 254 955 350 1015; x_wconf 87' lang='lat' dir='ltr'>adhuc</span> <span class='ocrx_word' id='word_1_52' title='bbox 376 953 487 1015; x_wconf 84' lang='lat' dir='ltr'>mahtnt</span> <span class='ocrx_word' id='word_1_53' title='bbox 512 952 608 1014; x_wconf 80' lang='lat' dir='ltr'>Parthi</span> <span class='ocrx_word' id='word_1_54' title='bbox 629 949 758 1014; x_wconf 80' lang='lat' dir='ltr'>vestibus</span> 
     </span>
     <span class='ocr_line' id='line_1_10' title="bbox 99 1028 337 1096; baseline 0.025 -8"><span class='ocrx_word' id='word_1_55' title='bbox 99 1028 176 1092; x_wconf 75' lang='lat' dir='ltr'>literas</span> <span class='ocrx_word' id='word_1_56' title='bbox 197 1037 337 1096; x_wconf 83' lang='lat' dir='ltr'>intexere.</span> 
     </span>
    </p>

    <p class='ocr_par' dir='ltr' id='par_1_3' title="bbox 98 1111 810 2895">
     <span class='ocr_line' id='line_1_11' title="bbox 130 1111 761 1196; baseline 0.003 -24"><span class='ocrx_word' id='word_1_57' title='bbox 130 1111 228 1176; x_wconf 88' lang='lat' dir='ltr'><strong>XXIII.</strong></span> <span class='ocrx_word' id='word_1_58' title='bbox 247 1137 293 1176; x_wconf 88' lang='lat'>12.</span> <span class='ocrx_word' id='word_1_59' title='bbox 311 1115 507 1196; x_wconf 73' lang='lat' dir='ltr'>Praeparantur</span> <span class='ocrx_word' id='word_1_60' title='bbox 523 1133 559 1174; x_wconf 82' lang='lat' dir='ltr'>ex</span> <span class='ocrx_word' id='word_1_61' title='bbox 576 1133 616 1174; x_wconf 86' lang='lat' dir='ltr'>eo</span> <span class='ocrx_word' id='word_1_62' title='bbox 633 1113 737 1174; x_wconf 76' lang='lat' dir='ltr'>chartae</span> <span class='ocrx_word' id='word_1_63' title='bbox 746 1123 761 1185; x_wconf 87' lang='grc'>,“</span> 
     </span>
     <span class='ocr_line' id='line_1_12' title="bbox 98 1190 762 1278; baseline 0.006 -29"><span class='ocrx_word' id='word_1_64' title='bbox 98 1190 176 1254; x_wconf 88' lang='lat' dir='ltr'>diviso</span> <span class='ocrx_word' id='word_1_65' title='bbox 194 1215 244 1256; x_wconf 87' lang='lat' dir='ltr'>acu</span> <span class='ocrx_word' id='word_1_66' title='bbox 258 1198 288 1256; x_wconf 92' lang='lat' dir='ltr'>in</span> <span class='ocrx_word' id='word_1_67' title='bbox 307 1213 485 1278; x_wconf 82' lang='lat' dir='ltr'>praetenues‚</span> <span class='ocrx_word' id='word_1_68' title='bbox 497 1194 547 1256; x_wconf 90' lang='lat' dir='ltr'>sed</span> <span class='ocrx_word' id='word_1_69' title='bbox 564 1193 649 1276; x_wconf 71' lang='lat' dir='ltr'>quim</span> <span class='ocrx_word' id='word_1_70' title='bbox 661 1195 762 1254; x_wconf 79' lang='lat' dir='ltr'>latissi-</span> 
     </span>
     <span class='ocr_line' id='line_1_13' title="bbox 98 1275 761 1358; baseline 0.002 -25"><span class='ocrx_word' id='word_1_71' title='bbox 98 1292 167 1348; x_wconf 81' lang='lat' dir='ltr'>mas,</span> <span class='ocrx_word' id='word_1_72' title='bbox 186 1275 319 1355; x_wconf 72' lang='lat' dir='ltr'>philuras.</span> <span class='ocrx_word' id='word_1_73' title='bbox 344 1275 519 1358; x_wconf 86' lang='lat' dir='ltr'>Principatus</span> <span class='ocrx_word' id='word_1_74' title='bbox 540 1275 660 1346; x_wconf 89' lang='lat' dir='ltr'>medio,</span> <span class='ocrx_word' id='word_1_75' title='bbox 675 1291 761 1356; x_wconf 90' lang='lat' dir='ltr'>atque</span> 
     </span>
     <span class='ocr_line' id='line_1_14' title="bbox 98 1353 762 1440; baseline 0.008 -31"><span class='ocrx_word' id='word_1_76' title='bbox 98 1353 153 1414; x_wconf 90' lang='lat' dir='ltr'>inde</span> <span class='ocrx_word' id='word_1_77' title='bbox 163 1353 273 1419; x_wconf 78' lang='lat' dir='ltr'>scissurae</span> <span class='ocrx_word' id='word_1_78' title='bbox 285 1355 398 1418; x_wconf 85' lang='lat' dir='ltr'>ordine.</span> <span class='ocrx_word' id='word_1_79' title='bbox 410 1357 554 1418; x_wconf 87' lang='lat' dir='ltr'>Hieratica</span> <span class='ocrx_word' id='word_1_80' title='bbox 564 1355 762 1440; x_wconf 74' lang='lat' dir='ltr'>appellabatur</span> 
     </span>
     <span class='ocr_line' id='line_1_15' title="bbox 99 1436 762 1520; baseline 0.003 -26"><span class='ocrx_word' id='word_1_81' title='bbox 99 1437 252 1517; x_wconf 81' lang='lat' dir='ltr'>antiquitus,</span> <span class='ocrx_word' id='word_1_82' title='bbox 274 1439 418 1520; x_wconf 80' lang='lat' dir='ltr'>reiigiosis</span> <span class='ocrx_word' id='word_1_83' title='bbox 440 1441 551 1499; x_wconf 77' lang='lat' dir='ltr'>tanthm</span> <span class='ocrx_word' id='word_1_84' title='bbox 563 1436 762 1498; x_wconf 76' lang='lat' dir='ltr'>voiuminibus</span> 
     </span>
     <span class='ocr_line' id='line_1_16' title="bbox 100 1513 763 1614; baseline 0.006 -42"><span class='ocrx_word' id='word_1_85' title='bbox 100 1513 193 1594; x_wconf 88' lang='lat' dir='ltr'>dicata,</span> <span class='ocrx_word' id='word_1_86' title='bbox 212 1541 274 1602; x_wconf 75' lang='lat' dir='ltr'>quae</span> <span class='ocrx_word' id='word_1_87' title='bbox 294 1519 443 1580; x_wconf 75' lang='lat' dir='ltr'>ablutione</span> <span class='ocrx_word' id='word_1_88' title='bbox 457 1517 580 1614; x_wconf 71' lang='lat' dir='ltr'>Augusti</span> <span class='ocrx_word' id='word_1_89' title='bbox 597 1537 706 1578; x_wconf 82' lang='lat' dir='ltr'>numen</span> <span class='ocrx_word' id='word_1_90' title='bbox 717 1537 763 1576; x_wconf 89' lang='lat' dir='ltr'>ac·</span> 
     </span>
     <span class='ocr_line' id='line_1_17' title="bbox 101 1595 761 1683; baseline 0 -26"><span class='ocrx_word' id='word_1_91' title='bbox 101 1599 181 1683; x_wconf 76' lang='lat' dir='ltr'>repit:</span> <span class='ocrx_word' id='word_1_92' title='bbox 201 1601 274 1662; x_wconf 83' lang='lat' dir='ltr'>sicut</span> <span class='ocrx_word' id='word_1_93' title='bbox 304 1599 428 1661; x_wconf 88' lang='lat' dir='ltr'>secunda</span> <span class='ocrx_word' id='word_1_94' title='bbox 455 1599 565 1671; x_wconf 72' lang='lat' dir='ltr'>Livia,</span> <span class='ocrx_word' id='word_1_95' title='bbox 592 1620 608 1658; x_wconf 91' lang='lat' dir='ltr'>a</span> <span class='ocrx_word' id='word_1_96' title='bbox 634 1595 761 1679; x_wconf 80' lang='lat' dir='ltr'>conjuge</span> 
     </span>
     <span class='ocr_line' id='line_1_18' title="bbox 102 1678 810 1754; baseline 0.006 -20"><span class='ocrx_word' id='word_1_97' title='bbox 102 1695 159 1754; x_wconf 70' lang='lat' dir='ltr'>elus.</span> <span class='ocrx_word' id='word_1_98' title='bbox 177 1678 217 1740; x_wconf 88' lang='lat' dir='ltr'>Ita</span> <span class='ocrx_word' id='word_1_99' title='bbox 227 1681 377 1743; x_wconf 88' lang='lat' dir='ltr'>descendit</span> <span class='ocrx_word' id='word_1_100' title='bbox 393 1681 528 1739; x_wconf 81' lang='lat' dir='ltr'>hieratica</span> <span class='ocrx_word' id='word_1_101' title='bbox 541 1681 570 1738; x_wconf 93' lang='lat' dir='ltr'>in</span> <span class='ocrx_word' id='word_1_102' title='bbox 585 1681 701 1738; x_wconf 84' lang='lat' dir='ltr'>tertium</span> <span class='ocrx_word' id='word_1_103' title='bbox 712 1685 764 1738; x_wconf 59' lang='lat' dir='ltr'>noi</span> <span class='ocrx_word' id='word_1_104' title='bbox 808 1717 810 1722; x_wconf 92' lang='lat'><em>-</em></span> 
     </span>
     <span class='ocr_line' id='line_1_19' title="bbox 102 1756 762 1839; baseline 0 -21"><span class='ocrx_word' id='word_1_105' title='bbox 102 1764 164 1819; x_wconf 84' lang='lat' dir='ltr'>men.</span> <span class='ocrx_word' id='word_1_106' title='bbox 173 1759 336 1822; x_wconf 82' lang='lat' dir='ltr'>Proximum</span> <span class='ocrx_word' id='word_1_107' title='bbox 346 1759 694 1839; x_wconf 86' lang='lat' dir='ltr'>amphitheatricaedatum</span> <span class='ocrx_word' id='word_1_108' title='bbox 703 1756 762 1819; x_wconf 58' lang='lat' dir='ltr'>fue*</span> 
     </span>
     <span class='ocr_line' id='line_1_20' title="bbox 103 1837 764 1922; baseline 0.008 -28"><span class='ocrx_word' id='word_1_109' title='bbox 103 1855 161 1900; x_wconf 86' lang='lat' dir='ltr'>rata</span> <span class='ocrx_word' id='word_1_110' title='bbox 176 1843 345 1905; x_wconf 66' lang='lat' dir='ltr'>confedurae</span> <span class='ocrx_word' id='word_1_111' title='bbox 365 1843 442 1903; x_wconf 87' lang='lat' dir='ltr'>ioco.</span> <span class='ocrx_word' id='word_1_112' title='bbox 463 1839 583 1922; x_wconf 85' lang='lat' dir='ltr'>Excepit</span> <span class='ocrx_word' id='word_1_113' title='bbox 605 1840 677 1898; x_wconf 86' lang='lat' dir='ltr'>hanc</span> <span class='ocrx_word' id='word_1_114' title='bbox 705 1837 764 1900; x_wconf 64' lang='lat' dir='ltr'>Ro‘·</span> 
     </span>
     <span class='ocr_line' id='line_1_21' title="bbox 105 1921 764 2000; baseline 0 -21"><span class='ocrx_word' id='word_1_115' title='bbox 105 1937 146 1979; x_wconf 81' lang='lat' dir='ltr'>ma</span> <span class='ocrx_word' id='word_1_116' title='bbox 155 1921 247 1985; x_wconf 84' lang='lat' dir='ltr'>Fannii</span> <span class='ocrx_word' id='word_1_117' title='bbox 255 1924 285 1985; x_wconf 91' lang='lat' dir='ltr'>sa</span> <span class='ocrx_word' id='word_1_118' title='bbox 306 1921 486 1996; x_wconf 71' lang='lat' dir='ltr'>medicina,</span> <span class='ocrx_word' id='word_1_119' title='bbox 504 1937 706 2000; x_wconf 86' lang='lat' dir='ltr'>tenuatamque</span> <span class='ocrx_word' id='word_1_120' title='bbox 717 1940 764 1980; x_wconf 86' lang='lat' dir='ltr'>cu·</span> 
     </span>
     <span class='ocr_line' id='line_1_22' title="bbox 108 1945 764 2089; baseline 0.003 -30"><span class='ocrx_word' id='word_1_121' title='bbox 108 1999 164 2062; x_wconf 79' lang='lat' dir='ltr'>riori</span> <span class='ocrx_word' id='word_1_122' title='bbox 172 1945 393 2089; x_wconf 77' lang='lat' dir='ltr'>interpoIatione</span> <span class='ocrx_word' id='word_1_123' title='bbox 402 2003 590 2085; x_wconf 83' lang='lat' dir='ltr'>principalem</span> <span class='ocrx_word' id='word_1_124' title='bbox 604 2001 764 2082; x_wconf 70' lang='lat' dir='ltr'>feciteprez</span> 
     </span>
     <span class='ocr_line' id='line_1_23' title="bbox 108 2076 764 2163; baseline 0.012 -27"><span class='ocrx_word' id='word_1_125' title='bbox 108 2076 172 2158; x_wconf 78' lang='lat' dir='ltr'>beia,</span> <span class='ocrx_word' id='word_1_126' title='bbox 190 2089 220 2150; x_wconf 79' lang='grc' dir='ltr'>δι</span> <span class='ocrx_word' id='word_1_127' title='bbox 236 2106 348 2147; x_wconf 87' lang='lat' dir='ltr'>nomen</span> <span class='ocrx_word' id='word_1_128' title='bbox 367 2087 398 2146; x_wconf 87' lang='lat' dir='ltr'>ei.</span> <span class='ocrx_word' id='word_1_129' title='bbox 415 2084 506 2145; x_wconf 86' lang='lat' dir='ltr'>dedit.</span> <span class='ocrx_word' id='word_1_130' title='bbox 522 2081 599 2163; x_wconf 77' lang='lat' dir='ltr'>Quae</span> <span class='ocrx_word' id='word_1_131' title='bbox 618 2103 677 2143; x_wconf 85' lang='lat' dir='ltr'>non</span> <span class='ocrx_word' id='word_1_132' title='bbox 696 2080 764 2144; x_wconf 81' lang='lat' dir='ltr'>esset</span> 
     </span>
     <span class='ocr_line' id='line_1_24' title="bbox 109 2159 767 2245; baseline 0.003 -25"><span class='ocrx_word' id='word_1_133' title='bbox 109 2159 138 2220; x_wconf 87' lang='lat' dir='ltr'>ita</span> <span class='ocrx_word' id='word_1_134' title='bbox 152 2185 291 2241; x_wconf 84' lang='lat' dir='ltr'>recurata‚</span> <span class='ocrx_word' id='word_1_135' title='bbox 310 2169 340 2225; x_wconf 88' lang='lat' dir='ltr'>in</span> <span class='ocrx_word' id='word_1_136' title='bbox 360 2163 413 2224; x_wconf 85' lang='lat' dir='ltr'>suo</span> <span class='ocrx_word' id='word_1_137' title='bbox 429 2166 532 2224; x_wconf 86' lang='lat' dir='ltr'>mansit</span> <span class='ocrx_word' id='word_1_138' title='bbox 551 2164 767 2245; x_wconf 55' lang='lat' dir='ltr'>amphitheatra</span> 
     </span>
     <span class='ocr_line' id='line_1_25' title="bbox 113 2241 766 2327; baseline 0.003 -25"><span class='ocrx_word' id='word_1_139' title='bbox 113 2241 202 2307; x_wconf 79' lang='lat' dir='ltr'>nPost</span> <span class='ocrx_word' id='word_1_140' title='bbox 220 2248 297 2309; x_wconf 87' lang='lat' dir='ltr'>hanc</span> <span class='ocrx_word' id='word_1_141' title='bbox 314 2244 436 2316; x_wconf 84' lang='lat' dir='ltr'>Saitica,</span> <span class='ocrx_word' id='word_1_142' title='bbox 454 2246 489 2306; x_wconf 85' lang='lat' dir='ltr'>ab</span> <span class='ocrx_word' id='word_1_143' title='bbox 506 2246 633 2327; x_wconf 91' lang='lat' dir='ltr'>oppido,</span> <span class='ocrx_word' id='word_1_144' title='bbox 646 2244 694 2304; x_wconf 90' lang='lat' dir='ltr'>ubi</span> <span class='ocrx_word' id='word_1_145' title='bbox 705 2265 766 2305; x_wconf 85' lang='lat' dir='ltr'>ma·-</span> 
     </span>
     <span class='ocr_line' id='line_1_26' title="bbox 116 2321 767 2406; baseline -0.002 -22"><span class='ocrx_word' id='word_1_146' title='bbox 116 2321 300 2389; x_wconf 77' lang='lat' dir='ltr'>xirnfernlitas</span> <span class='ocrx_word' id='word_1_147' title='bbox 309 2369 318 2398; x_wconf 93' lang='lat'>,</span> <span class='ocrx_word' id='word_1_148' title='bbox 328 2347 364 2387; x_wconf 82' lang='lat' dir='ltr'>ex</span> <span class='ocrx_word' id='word_1_149' title='bbox 372 2327 521 2388; x_wconf 87' lang='lat' dir='ltr'>vilioribus</span> <span class='ocrx_word' id='word_1_150' title='bbox 536 2328 688 2387; x_wconf 84' lang='lat' dir='ltr'>ramentis:</span> <span class='ocrx_word' id='word_1_151' title='bbox 700 2346 767 2406; x_wconf 71' lang='lat' dir='ltr'>prob</span> 
     </span>
     <span class='ocr_line' id='line_1_27' title="bbox 114 2401 766 2487; baseline -0.015 -16"><span class='ocrx_word' id='word_1_152' title='bbox 114 2401 203 2487; x_wconf 66' lang='lat' dir='ltr'>Piirque</span> <span class='ocrx_word' id='word_1_153' title='bbox 217 2411 376 2471; x_wconf 85' lang='lat' dir='ltr'>etiamnum</span> <span class='ocrx_word' id='word_1_154' title='bbox 391 2409 490 2468; x_wconf 89' lang='lat' dir='ltr'>cortici</span> <span class='ocrx_word' id='word_1_155' title='bbox 508 2406 680 2477; x_wconf 90' lang='lat' dir='ltr'>Leneotica,</span> <span class='ocrx_word' id='word_1_156' title='bbox 697 2406 766 2463; x_wconf 71' lang='lat' dir='ltr'>avi·</span> 
     </span>
     <span class='ocr_line' id='line_1_28' title="bbox 112 2482 770 2569; baseline 0.006 -33"><span class='ocrx_word' id='word_1_157' title='bbox 112 2482 160 2544; x_wconf 89' lang='lat' dir='ltr'>rino</span> <span class='ocrx_word' id='word_1_158' title='bbox 174 2489 256 2562; x_wconf 88' lang='lat' dir='ltr'>loco,</span> <span class='ocrx_word' id='word_1_159' title='bbox 276 2487 407 2569; x_wconf 89' lang='lat' dir='ltr'>pondere</span> <span class='ocrx_word' id='word_1_160' title='bbox 426 2485 483 2567; x_wconf 82' lang='lat' dir='ltr'>jam</span> <span class='ocrx_word' id='word_1_161' title='bbox 504 2487 583 2557; x_wconf 78' lang='lat' dir='ltr'>haec,</span> <span class='ocrx_word' id='word_1_162' title='bbox 604 2504 664 2543; x_wconf 86' lang='lat' dir='ltr'>non</span> <span class='ocrx_word' id='word_1_163' title='bbox 685 2482 770 2543; x_wconf 89' lang='lat' dir='ltr'>boni·</span> 
     </span>
     <span class='ocr_line' id='line_1_29' title="bbox 109 2560 768 2648; baseline -0.021 -13"><span class='ocrx_word' id='word_1_164' title='bbox 109 2575 168 2636; x_wconf 84' lang='lat' dir='ltr'>tate,</span> <span class='ocrx_word' id='word_1_165' title='bbox 183 2571 302 2631; x_wconf 80' lang='lat' dir='ltr'>venalis.</span> <span class='ocrx_word' id='word_1_166' title='bbox 315 2566 391 2628; x_wconf 87' lang='lat' dir='ltr'>Nam</span> <span class='ocrx_word' id='word_1_167' title='bbox 402 2567 578 2648; x_wconf 77' lang='lat' dir='ltr'>emporetica</span> <span class='ocrx_word' id='word_1_168' title='bbox 587 2563 693 2622; x_wconf 86' lang='lat' dir='ltr'>inutilis</span> <span class='ocrx_word' id='word_1_169' title='bbox 704 2560 768 2621; x_wconf 63' lang='lat' dir='ltr'>scria</span> 
     </span>
     <span class='ocr_line' id='line_1_30' title="bbox 109 2639 770 2726; baseline 0.003 -28"><span class='ocrx_word' id='word_1_170' title='bbox 109 2639 207 2726; x_wconf 84' lang='lat' dir='ltr'>hendo,</span> <span class='ocrx_word' id='word_1_171' title='bbox 221 2650 380 2711; x_wconf 84' lang='lat' dir='ltr'>involucris</span> <span class='ocrx_word' id='word_1_172' title='bbox 400 2649 577 2720; x_wconf 84' lang='lat' dir='ltr'>chartarum,</span> <span class='ocrx_word' id='word_1_173' title='bbox 589 2640 770 2725; x_wconf 83' lang='lat' dir='ltr'>segestrium-</span> 
     </span>
     <span class='ocr_line' id='line_1_31' title="bbox 108 2725 770 2810; baseline 0 -28"><span class='ocrx_word' id='word_1_174' title='bbox 108 2729 186 2800; x_wconf 87' lang='lat' dir='ltr'>quein</span> <span class='ocrx_word' id='word_1_175' title='bbox 195 2731 338 2794; x_wconf 86' lang='lat' dir='ltr'>mercibus</span> <span class='ocrx_word' id='word_1_176' title='bbox 348 2727 429 2788; x_wconf 88' lang='lat' dir='ltr'>usum</span> <span class='ocrx_word' id='word_1_177' title='bbox 442 2726 567 2810; x_wconf 63' lang='lat' dir='ltr'>praebet:</span> <span class='ocrx_word' id='word_1_178' title='bbox 585 2725 653 2786; x_wconf 89' lang='lat' dir='ltr'>ideo</span> <span class='ocrx_word' id='word_1_179' title='bbox 664 2745 680 2783; x_wconf 87' lang='lat' dir='ltr'>a</span> <span class='ocrx_word' id='word_1_180' title='bbox 691 2743 770 2783; x_wconf 64' lang='lat' dir='ltr'>metis</span> 
     </span>
     <span class='ocr_line' id='line_1_32' title="bbox 109 2805 769 2895; baseline -0.012 -22"><span class='ocrx_word' id='word_1_181' title='bbox 109 2809 233 2874; x_wconf 62' lang='lat' dir='ltr'>moribus</span> <span class='ocrx_word' id='word_1_182' title='bbox 261 2812 472 2895; x_wconf 81' lang='lat' dir='ltr'>cognominata.</span> <span class='ocrx_word' id='word_1_183' title='bbox 497 2805 565 2871; x_wconf 74' lang='lat' dir='ltr'>Post</span> <span class='ocrx_word' id='word_1_184' title='bbox 582 2807 655 2870; x_wconf 84' lang='lat' dir='ltr'>hanc</span> <span class='ocrx_word' id='word_1_185' title='bbox 673 2808 769 2890; x_wconf 58' lang='lat' dir='ltr'>pappi⁴</span> 
     </span>
    </p>
   </div>
   <div class='ocr_carea' id='block_1_3' title="bbox 0 0 1022 3588">
    <p class='ocr_par' dir='ltr' id='par_1_4' title="bbox 0 0 1022 3588">
     <span class='ocr_line' id='line_1_33' title="bbox 0 0 1022 3588; baseline 0 0"><span class='ocrx_word' id='word_1_186' title='bbox 0 0 1022 3588; x_wconf 95' lang='lat' dir='ltr'> </span> 
     </span>
    </p>
   </div>
  </div>
 </body>
</html>
