1934 3592
135 369 138 378 ·
183 332 395 410 Hrsrom
417 333 493 410 Lib.
506 331 603 411 XVI.
657 356 721 435 193

79 450 114 514 iris
131 456 253 536 partibus.
273 457 305 519 in
325 455 498 520 Macedonio
520 457 636 520 laricem
654 451 728 519 ma's·

78 536 728 612 colamurunt,feminaeradicestantirm.Theo·

78 631 183 698 pompus
202 617 323 702 scripsit,
341 624 370 681 in
389 619 659 702 Apoiloriiatarum'
694 636 728 680 ro

77 698 154 774 picem
171 697 310 773 fossilem,
321 723 381 762 non
400 701 573 762 deteriorem
584 701 672 762 Mace
693 717 729 760 o·

76 776 278 850 nicd‚'inveniri.
295 781 346 842 Pix
364 802 385 842 o
406 785 475 842 tima
482 782 594 864 ubique
605 802 643 842 ex
654 784 731 862 apri·

76 859 108 917 cis
124 858 268 941 Aquilonis
287 864 353 922 situ.
400 883 420 922 x
442 863 539 946 opacis
563 861 731 936 horridior,

75 938 186 1023 vinisque
204 941 366 1024 praeferens.
385 942 502 1026 Frigido
522 942 635 1017 hieme,
648 941 731 1004 dete·

76 1021 136 1094 rior,
153 1043 182 1083 ac
201 1026 293 1084 minus
310 1023 447 1106 copiosa,
458 1025 493 1086 'dc
506 1022 635 1084 decolor.
650 1021 732 1104 Qui·

75 1099 128 1160 dam
144 1103 305 1166 arbitrantur
323 1106 354 1164 in
373 1105 535 1164 montuosis
551 1103 639 1186 cop'id
676 1125 732 1166 τε·

75 1178 218 1245 stantiorem
233 1206 265 1245 ac
282 1184 404 1258 coiore,
427 1186 460 1248 &
477 1184 639 1245 dulciorem
651 1125 731 1260 ieri,

75 1263 179 1324 odorem
187 1285 304 1348 quoque
315 1268 487 1349 gratiorem,
498 1264 568 1326 dum
578 1268 671 1326 resina
680 1267 733 1328 sict

74 1341 202 1406 reconem
212 1363 310 1408 autem
320 1345 414 1407 minos
424 1347 497 1429 picis
508 1345 734 1428 reddere,quo·

74 1426 135 1517 niam
147 1429 177 1486 in
197 1426 292 1488 serum
312 1427 424 1487 abeatt
446 1423 648 1510 tenuioresque
675 1423 733 1488 effe

72 1504 132 1645 offas
151 1506 267 1606 arbores
277 1536 298 1582 ,·
340 1507 388 1604 *arn
401 1503 441 1566 in'
451 1507 562 1588 planis:
579 1505 628 1567 sed
640 1507 733 1569 has&

72 1586 121 1648 rias
136 1587 286 1650 serenitate
329 1588 467 1648 erthores.
495 1583 628 1648 Frudum
655 1607 735 1670 quae·

73 1665 126 1728 dam
141 1673 274 1750 proximo
291 1689 367 1729 anno
389 1669 424 1728 ab
445 1665 534 1728 incisu
555 1669 733 1752 largiuntur,
857 1678 860 1683 '

72 1747 121 1810 a'lia
150 1749 278 1812 secundo
298 1793 308 1822 ‚
336 1749 469 1830 quaedam
497 1750 593 1809 tertio.
625 1743 736 1830 Exple·
816 1817 818 1822 ¹

72 1843 108 1888 rur
125 1847 213 1894 autern
225 1832 312 1915 plaga
321 1830 437 1904 rosini,
455 1851 514 1890 non
533 1829 663 1905 cortice,
678 1849 734 1890 nec

71 1911 204 1987 tiramus,
221 1933 289 1995 quae
308 1911 338 1969 in
360 1911 412 1970 hac
425 1911 527 1970 arbore
544 1930 607 1970 non
627 1911 696 1971 coit'.

102 1990 173 2054 Inter
191 1995 255 2054 haec
275 2007 379 2076 genera
392 1991 546 2072 proprium
562 1990 678 2072 quidam
695 1988 739 2050 fe·

72 2091 125 2134 rere
138 2073 285 2157 suppiam,
305 2073 443 2153 quoniam
455 2091 491 2130 ex
503 2071 674 2152 cognatione
686 2092 737 2132 ea-

69 2172 123 2214 rum
139 2153 261 2226 feritur,
277 2151 369 2248 quadis
396 2149 469 2211 dicia
492 2149 533 2211 est
559 2153 589 2210 in
606 2154 735 2215 nucleis:

70 2231 172 2318 ejusque
195 2236 307 2298 arbons
329 2234 401 2292 imas
416 2247 509 2314 partes
520 2233 601 2292 tedas
610 2249 737 2306 vocant,

68 2315 124 2376 ciam
145 2319 182 2378 sit
200 2317 258 2377 illa
269 2313 354 2373 arbor
372 2311 413 2372 nil
429 2313 523 2394 aliud,
541 2313 627 2394 quim
637 2315 740 2395 picea,

68 2392 173 2459 feritatis
191 2395 311 2479 paulum
320 2395 455 2476 mitigatae
465 2392 523 2452 satu
535 2414 543 2452 ε
556 2393 669 2473 sapinus
685 2415 738 2454 au·

69 2490 120 2536 rem
137 2479 275 2539 maceries
296 2471 431 2535 caesarum
448 2493 465 2533 e
485 2491 589 2554 genere
602 2474 655 2546 sit,
667 2474 739 2533 sicu·

66 2557 83 2614 ri
101 2558 282 2620 docebimus.

99 2636 214 2700 XXIV.
227 2658 273 2721 ¹3·
286 2635 416 2697 Materiae
428 2634 506 2694 enim
522 2627 606 2691 causa
616 2629 740 2712 reliquas

65 2718 177 2780 arbores
196 2735 297 2779 natura
318 2717 433 2798 genuit,
451 2711 740 2794 copiosissimamque

65 2797 212 2860 fraxinum.
232 2798 355 2860 Prooera
369 2797 434 2856 ‘haec
454 2815 486 2854 ac
504 2811 602 2854 teres:
623 2795 740 2874 pinnata¹

66 2877 175 2961 &ipsa
194 2879 293 2940 folio:
316 2877 497 2958 multumque
523 2875 645 2936 Homeri
664 2873 740 2958 praess

102 2965 205 3023 Tomus
221 2961 288 3023 111.
588 2952 602 3014 Ῑ
765 2975 768 2982 ’
