2012 3588
153 393 156 398 ,
235 339 281 409 72
333 315 368 386 C.
389 315 806 392 urrunnun-r.

233 432 335 498 bensus
344 477 354 508 ,
364 453 539 516 papaverum
550 433 649 510 nodo,
660 436 692 498 dt
703 436 733 494 in
745 451 840 496 totum
853 451 924 499 atro

232 519 355 599 propior
375 517 477 587 colos,
494 515 653 576 maculaeve
675 515 843 578 discolores.
865 516 924 578 Vi·

232 597 308 659 rides
323 596 400 657 terrai
414 595 544 662 condunt
558 595 689 672 barbari,
700 599 732 659 &
745 597 859 658 illinunt
874 619 925 658 ce·

233 679 275 745 td.
295 675 431 738 Artifices
446 677 519 737 verb
539 675 676 738 frumenti
687 681 798 738 acervis
816 681 923 759 impo-

232 774 306 820 nunt
325 755 447 837 septenis
461 757 581 831 diebus,
593 759 717 819 totidem
728 761 900 820 intermissis
911 783 926 822 t.

233 841 397 919 mirumque
419 837 542 918 ponderi
566 842 706 920 quantiam
721 841 760 900 ita
780 839 924 900 detraha-

233 936 289 980 tur.
308 917 462 1000 Naufragia
481 918 606 980 docuere
623 941 737 1001 nuper,
757 919 828 980 hanc
842 941 923 1002 quo·

233 1020 290 1082 que
309 1001 459 1060 materiam
476 1003 609 1061 siccatam
629 1003 719 1073 mari,
741 999 845 1061 duritie
870 1005 924 1062 in-

177 1150 178 1154 ,
233 1079 370 1158 corrupti
393 1077 516 1160 spillari,
534 1100 593 1139 non
613 1082 675 1141 ullo
698 1081 790 1142 modo
819 1081 924 1144 vehe-

233 1163 369 1222 mentius.
380 1159 549 1221 Nutriuntur
563 1162 690 1241 optime,
702 1160 923 1241 splendescunt·

234 1262 309 1324 que,
322 1261 408 1301 manu
428 1242 504 1302 sicci
520 1239 628 1302 fricatae
648 1263 665 1302 a
682 1241 802 1303 balineis
823 1248 923 1305 maxi·

233 1323 369 1386 metuet
388 1344 405 1382 a
423 1323 498 1386 vinis
518 1321 672 1393 laeduntur,
687 1339 719 1382 ut
740 1323 785 1384 his
801 1325 922 1405 genitor.

237 1449 242 1460 ,
277 1403 325 1466 16.
347 1403 425 1464 luter
474 1423 544 1464 auca
562 1403 791 1465 nitidiorisvvirae
810 1402 923 1476 instruq

233 1502 332 1546 menta
353 1485 413 1546 haec
426 1424 511 1544 arlor
529 1479 586 1544 est:
598 1501 776 1566 quapropter
784 1483 922 1546 insisten-

234 1565 305 1626 dum
328 1567 356 1626 ei
378 1584 497 1647 qnoque
530 1564 646 1646 paulum
676 1565 800 1626 videtur.
832 1563 921 1628 Nota

234 1649 321 1708 etiam
330 1646 463 1706 Homero
475 1645 528 1706 fuit
538 1668 544 1706 :
555 1645 650 1724 thyon
659 1643 763 1706 Graece
776 1664 919 1720 vocatur,

235 1728 272 1793 tab
287 1727 348 1788 aliis
370 1727 401 1786 th
423 1749 450 1786 a.
465 1726 547 1786 Hanc
561 1728 656 1807 itaque
667 1727 740 1788 inter
753 1726 859 1788 odores
872 1731 921 1790 uri
985 1753 986 1762 ¹

235 1808 321 1886 tradit
338 1810 368 1868 in
391 1749 501 1868 ‹ieliciis
522 1803 646 1879 Circes,
668 1827 753 1888 quam
765 1807 852 1868 deam
862 1829 922 1870 vo·

189 1927 192 1934 ·
235 1889 312 1950 lebat
325 1889 464 1970 intelligi,
485 1906 590 1969 magne
609 1907 707 1947 errore
726 1907 848 1960 eorum,
866 1892 922 1972 qui

235 1970 425 2030 odoramenta
434 1971 463 2028 in
475 1989 512 2028 eo
522 1967 666 2030 vocabulo
676 1970 818 2049 accipiunt
829 2013 839 2041 ,
849 1972 922 2038 clim

146 2053 150 2058 “
235 2049 391 2132 praesertim
408 2049 514 2110 eodem
534 2047 619 2110 versu
641 2049 760 2111 cedrum
784 2049 923 2112 laricem·

236 2149 293 2212 que
313 2129 369 2190 und
387 2130 496 2192 tradat:
516 2131 546 2190 in
557 2151 616 2214 quo
630 2128 811 2196 manifestum
822 2129 863 2193 ell
878 2134 921 2194 de

234 2210 384 2271 arboribus
393 2214 502 2272 tantltm
517 2212 655 2271 locutum.
677 2209 921 2292 Theophrastus,

234 2289 306 2374 (qui
325 2293 460 2373 primusa
473 2291 570 2373 Magni
582 2291 739 2353 Alexandri
751 2309 835 2353 aetate
847 2291 921 2354 scri-

234 2373 295 2446 bit,
311 2393 375 2454 quae
393 2374 470 2434 circa
488 2373 563 2433 urbis
575 2371 678 2432 Rornae
715 2373 922 2455 uadringente·

236 2456 339 2516 simum
347 2453 597 2536 quadragesimum
610 2395 918 2537 gestaluntannum,)

235 2554 372 2616 magnum
399 2533 457 2614 jam
481 2534 546 2594 huic
572 2534 667 2594 arbori
688 2534 831 2604 honorem
860 2539 920 2594 tri·

234 2616 318 2686 buit,
338 2618 512 2678 memoratas
528 2634 564 2675 ex
585 2615 619 2674 el
637 2611 764 2676 referens
783 2631 845 2676 tem
866 2615 919 2678 lo·

235 2715 300 2756 rum
322 2713 452 2756 veterum
474 2697 721 2777 contignationes,
744 2715 829 2776 quam
853 2717 919 2756 am·

159 2781 162 2788 '
236 2795 293 2854 que
308 2775 553 2838 immortalitatem
573 2777 697 2836 materiae
710 2775 831 2836 inteilis
843 2797 920 2836 con«

235 2871 280 2918 tra
300 2856 369 2918 vitia
387 2857 485 2916 omnia
508 2859 692 2940 incorruptae.
716 2856 917 2994 Radicesnihil

780 2957 819 2996 cn
833 2958 919 3017 prus,
