1934 3592
208 259 274 332 186
312 261 783 331 =C.Pzrn·11Nnrun.

202 401 309 452 canos,
325 381 423 440 nonin
435 381 542 440 cortice
553 379 772 454 modb,verl1m
782 377 881 440 &era
950 401 951 449 i

201 463 258 523 nris
290 460 488 544 dependentes
526 459 642 526 cubitali
671 460 880 542 magnitudine,
950 519 951 530 ,

202 543 343 605 odoratos
352 587 364 616 ,
380 557 411 603 ut
426 542 551 602 diximus
569 543 642 602 inter
658 558 813 624 tinguenta.
950 603 951 616 χ

194 663 197 674 ·
243 621 584 696 Suberiminimaarbor,
615 623 881 704 lauspessima‚ra·
950 619 951 630 ¹

203 725 252 769 ta:
269 722 369 766 cortex
390 705 502 766 tantiam
512 705 541 764 in
552 643 661 774 nullu,
676 701 839 783 praecrallus
850 723 881 762 ac

202 785 370 859 renascens,
381 801 467 868 atque
484 787 570 846 etiam
587 787 617 844 in
632 785 727 846 denos
736 785 882 867 pedesun·
950 791 951 794 ’

203 867 292 949 dique
316 866 494 948 enplanatus.
516 865 593 927 Usus
620 863 681 946 ejus
707 865 882 928 ancoralibus
950 873 951 890 ¹

203 947 328 1012 maxime
348 949 485 1020 nauium,
499 945 724 1029 piscantiumque
753 947 882 1042 tragulis,
950 981 951 990 κ

60 1046 64 1053 ·
165 1049 168 1071 ·
204 1030 237 1090 &
254 1028 392 1092 cadorum
405 1028 612 1090 obturamentis
623 1048 634 1088 s
647 1045 789 1110 praterea
799 1031 829 1088 in
843 1027 883 1088 lu·

203 1109 296 1171 berno
324 1109 497 1170 feminarum
519 1108 657 1172 calceatu.
680 1106 882 1188 Quamobrem

204 1211 265 1252 non
283 1187 405 1252 infacete
426 1189 522 1256 Graeci
545 1190 658 1254 corticis
676 1191 814 1250 arborem
838 1209 884 1269 ap-

204 1271 323 1355 pellant.
345 1269 416 1332 Sruat
435 1273 533 1354 &qui
551 1270 689 1335 feminus
707 1271 807 1332 ilicem
831 1289 884 1330 vo·

205 1371 288 1414 cent:
310 1368 395 1435 arque
422 1352 470 1413 ubi
491 1373 551 1412 non
567 1350 686 1414 nascitur
698 1352 772 1426 ilex,
791 1348 885 1434 ptoei

204 1431 306 1496 subere
327 1452 463 1507 utantur,
490 1435 520 1492 in
540 1434 724 1513 carpentariis
744 1431 884 1516 precipue

203 1511 336 1586 fabricis,
358 1530 389 1574 ur
406 1517 480 1575 circa
498 1512 562 1574 Elin
582 1515 615 1574 δι
634 1512 883 1578 Lacedaemonem·

204 1593 269 1658 Nec
287 1598 316 1655 in
334 1593 417 1656 Italid
434 1593 496 1660 toti
513 1593 660 1667 nascitur,
678 1597 774 1658 autin
794 1592 885 1662 Galia

206 1696 338 1740 ommno.

218 1799 222 1808 ι
244 1757 328 1818 le.
347 1777 375 1838 9.
395 1754 508 1820 Cortex
528 1758 561 1822 δι
578 1755 669 1839 fagis,
682 1757 768 1830 tiliae,
781 1756 884 1830 abieri,'

226 1840 312 1910 iceae.
322 1840 352 1898 in
369 1859 475 1922 magno
486 1837 536 1899 usu
547 1837 708 1920 agrestium.
720 1837 814 1910 Vasa,
827 1856 886 1902 cor·

204 1858 335 2002 basque,
356 1941 390 1980 ac
413 1921 575 2002 patentiora
594 1919 727 2001 quaedam
745 1918 885 1982 messibus

108 2071 110 2075 ,
206 2001 406 2062 convehendis
433 1997 644 2081 vindemiisque
662 1999 788 2074 faciunt,
802 2017 885 2086 atque

205 2099 344 2162 praerexra
363 2084 552 2163 tuguriorum.
572 2079 676 2142 Scribit
693 2083 722 2142 in
734 2077 884 2146 recentiad

207 2161 296 2224 duces
318 2161 502 2243 explorator,
520 2163 650 2224 incidens
672 2164 767 2226 literas
788 2186 806 2224 a
826 2162 884 2224 suc·

206 2263 255 2303 co.
270 2241 335 2302 Nec
352 2245 457 2302 nonin
474 2243 602 2326 quodam
617 2241 669 2305 usu
687 2242 885 2306 sacrorumre·
950 2313 951 2332 χ

207 2321 322 2404 ligiosus
342 2321 384 2384 est
403 2322 461 2407 fagi
480 2340 590 2386 cortex.
610 2321 739 2388 sednon
754 2326 884 2388 duratar·

207 2404 286 2468 bori
309 2404 347 2465 sa·

244 2485 273 2546 X
304 2527 312 2548 .
327 2504 372 2548 ιο.
392 2483 542 2548 Scandulae
559 2507 575 2547 e
592 2485 699 2548 robore
712 2490 884 2570 aptissime,
950 2507 951 2568 f

206 2585 278 2627 mox
296 2587 312 2627 e
337 2566 500 2648 glandiferis
516 2568 596 2642 aliis,
619 2567 768 2651 fagoque:
786 2568 884 2632 facilli·

206 2667 263 2708 mae
283 2667 319 2708 ex
337 2647 472 2708 omnibus
493 2670 558 2730 quae
576 2651 699 2710 resinam
716 2649 826 2712 ferunt:
837 2647 884 2710 sed
950 2667 951 2670 ’

208 2727 327 2786 minime
348 2729 465 2803 durant,
479 2746 669 2809 praeterquam
681 2752 697 2791 e
710 2733 790 2812 pino.
801 2731 884 2796 Scan·

210 2806 277 2870 due
294 2807 455 2872 comeum
476 2807 557 2876 fuiffe
575 2809 721 2888 Romam,
735 2813 773 2876 ad
784 2810 883 2894 Pyrrhi
