1934 3592
245 338 313 413 ¹92
364 317 600 390 C.·P1.rurr
634 318 824 390 Nururr.

238 436 329 498 turad
338 435 423 498 cribri
431 438 555 509 minuta,
570 436 676 498 deiude
688 435 811 500 ferventi
822 435 911 522 aqui,

240 519 337 580 donec
361 534 523 602 coquatur,
540 516 729 599 perfunditur.
754 516 849 600 Hujus
868 540 913 585 exe

240 597 366 682 pressum
384 602 517 682 pingue,
530 600 675 681 praecipua
692 600 787 660 resina
808 597 858 673 rit,
874 616 913 662 at·

240 701 298 762 que
318 700 397 754 rara,
416 701 469 742 nec
490 681 543 738 nisi
563 682 660 761 paucis
676 681 706 740 in
730 678 801 740 Iocis
819 679 913 742 Subul-

239 763 315 844 pinae
333 759 439 834 Itaiiae,
459 761 640 822 conveniens*
656 761 787 826 medicis.
805 760 913 822 Resinae

238 841 312 902 aIbae
326 863 382 904 con
403 844 463 902 ium
482 843 512 902 iar
533 841 645 903 duobus
656 863 738 924 aque
750 843 857 924 pluviae
868 862 914 902 co·

238 940 342 1005 quum.
362 862 421 982 Aiii
440 922 536 982 utilius
566 940 667 1004 putant
686 926 748 983 sine
765 923 844 1006 aqui
870 939 913 982 co·

241 1023 331 1086 quere
352 1002 431 1064 lento
457 1005 525 1085 igne
549 1003 611 1063 totd
635 1003 705 1076 die,
730 1005 771 1064 uti
795 1023 833 1064 ue
855 1001 912 1064 vase

241 1086 306 1144 aeris
324 1083 388 1146 albi.
406 1081 481 1144 Item
499 1084 722 1162 terebinthinam
736 1086 766 1144 in
813 1086 912 1165 rtaginc

240 1167 338 1226 cinere
360 1162 500 1238 ferventi,
513 1164 587 1225 hanc
606 1166 709 1226 ceteris
726 1162 913 1246 praefereutes.

240 1243 374 1307 Proxima
390 1265 426 1305 ex
444 1240 573 1308 lentisco.
598 1277 611 1286 κ

280 1324 392 1386 XXIII.
408 1346 454 1386 ια.
467 1325 537 1388 Non
548 1323 743 1388 omittendum
754 1370 765 1401 ,
776 1320 913 1408 apudeos·

240 1404 310 1467 dem
329 1403 465 1488 zopiffam
478 1409 578 1468 vocari
589 1406 717 1468 derasam
727 1409 850 1468 navibus
859 1427 912 1467 ma·

240 1488 343 1548 ritimis
361 1490 456 1569 picem
475 1509 541 1549 cum
558 1488 644 1562 ceri,
663 1488 734 1548 nihil
751 1509 813 1548 non
832 1507 912 1568 expe·

206 1614 209 1618 -
239 1571 332 1630 ciente
344 1568 427 1642 viti,
444 1568 536 1630 multi>
550 1567 743 1630 efficaciorem
755 1569 910 1641 adomnia,

240 1649 345 1731 quibus
362 1652 441 1731 pices
453 1653 611 1732 resinaeque
630 1648 749 1731 prosunt
757 1685 771 1722 ‚·
782 1649 911 1714 videlicet

240 1728 354 1812 adjedio
378 1727 442 1790 salis
458 1730 544 1792 callo.

281 1809 421 1894 Aperitur
436 1813 517 1892 picea
532 1832 548 1872 e
565 1828 649 1893 parte
664 1809 748 1872 solari
759 1854 770 1887 ,
780 1832 842 1872 non
858 1809 912 1893 pla·

240 1891 297 1974 gt,
313 1890 363 1952 sed
380 1891 499 1952 vulnere
522 1893 610 1952 ablati
631 1894 764 1963 corticis,
776 1895 845 1954 cirm
876 1891 912 1950 Iu·

240 1974 344 2034 timum
369 1972 496 2053 bipedali
524 1972 617 2044 hiatu,
633 1989 665 2034 ut
688 1994 705 2032 a
724 1973 802 2032 terrd
823 1913 912 2034 cuIito

218 2057 220 2064 “
241 2055 309 2113 cium
321 2055 472 2114 minimum
491 2053 573 2114 absit.
589 2053 653 2114 Nec
669 2054 786 2135 corpori
797 2055 851 2134 ipsi
859 2069 913 2132 par·

240 2136 331 2206 citur,
348 2151 379 2194 ut
392 2136 422 2192 in
438 2136 559 2207 ceteris,
572 2136 709 2217 quoniam
727 2131 853 2194 astulain
863 2131 913 2192 fru-

240 2213 286 2276 uu
299 2213 352 2286 est.
371 2213 484 2276 Verum
506 2215 667 2276 baeterrae
703 2217 815 2276 roxima
829 2212 914 2276 lauda-

239 2311 304 2356 tur:
320 2294 405 2355 altior
415 2296 630 2356 amaritudinem
642 2236 745 2358 adire
757 2293 858 2356 Postea
869 2285 914 2354 Iru'·
934 2333 937 2340 Δ

146 2451 150 2460 ,
240 2395 307 2436 mor
325 2377 418 2434 omnis
438 2395 454 2436 e
474 2376 536 2436 toti
553 2375 674 2436 confluit
693 2379 723 2436 in
741 2377 839 2438 uicus:
850 2379 913 2437 item

241 2457 272 2516 in
282 2455 358 2517 redd.
379 2452 456 2516 Cirm
470 2457 500 2516 id
512 2476 627 2518 manare
647 2456 749 2530 desiit,
762 2458 848 2518 simili
858 2475 914 2516 mo·
950 2453 951 2505 i

241 2537 282 2597 do
296 2557 332 2596 ex
346 2536 401 2596 alia
419 2555 498 2617 parte
517 2540 659 2618 aperitur,
684 2559 716 2598 ac
735 2538 841 2599 deinde
856 2535 913 2596 alii.

240 2613 344 2678 Postea
359 2633 421 2677 tota
437 2617 523 2682 arbor
540 2616 713 2692 succiditur,
740 2620 773 2680 δι
797 2615 914 2680 medulla
949 2683 950 2704 ,

243 2695 306 2775 ejus
316 2698 415 2758 uritur.
435 2695 482 2760 Sic
502 2699 535 2762 dc
551 2701 580 2758 in
593 2697 680 2779 Syria
695 2699 858 2769 terebintho
868 2697 914 2758 de·
949 2705 950 2751 i

242 2777 357 2836 trahunt
386 2781 525 2853 cortices,
538 2779 577 2840 ibi
596 2779 716 2860 quidem
734 2780 768 2842 dc
784 2801 801 2840 e
818 2780 912 2846 ramis,

241 2875 275 2917 ac
297 2857 468 2946 radicibus,
487 2862 555 2922 cunr
584 2861 679 2931 resina
708 2860 860 2936 deauretur
875 2875 914 2998 px
948 2887 949 2948 p

894 2957 913 2995 rs
948 2949 949 2995 i
