2012 3588
183 253 236 331 ’6ο
289 223 778 347 C.[l³t1u11NArun.

109 386 111 389 ’
189 398 250 440 non
271 380 346 440 alibi.
365 379 444 440 Ante
456 383 553 440 omnia
562 378 654 450 ficus,
669 381 709 442 ob
718 381 748 442 id
757 379 869 463 AEgyp'

134 528 148 538 „
189 463 230 520 tia
249 464 460 543 cognominata.
482 461 579 522 Arbor
600 482 685 522 muro
703 463 801 521 similis
824 461 877 521 so·

189 543 483 624 lio,magnitudirte,
509 539 632 623 aspectur
659 541 782 602 Pumum
813 540 876 601 sert

189 643 251 684 non
266 626 369 694 ramis,
387 622 437 682 sed
457 623 576 683 caudice
589 621 660 704 ipso.
675 620 765 704 quue
777 621 875 703 ipsum

192 701 264 764 ficus
286 704 327 764 est
343 703 511 786 praedulcis,
531 705 592 763 sine
613 705 706 786 granis
726 705 875 763 interiori·-

189 785 244 844 bus
257 829 266 857 ,
277 805 417 866 perquam
435 783 561 844 fecundo
574 801 717 864 proventu
727 829 737 855 ,
747 782 874 866 scalpen-

190 866 350 926 durantum
365 864 465 925 ferreis
478 867 635 946 unguibus:
648 867 728 924 aliter
740 885 800 924 non
812 879 875 923 ma·-

190 945 316 1006 tutescit.
334 943 392 1026 Sed
412 947 479 1004 cltm
498 944 601 1005 sallum
618 944 678 1018 esl,
700 963 804 1027 quartu
823 945 874 1006 die

189 1028 372 1097 demetitur,
395 1027 451 1086 alio
475 1024 675 1088 subnascente:
693 1023 813 1107 septeno
831 1028 875 1086 ita

190 1107 343 1170 numerosa
356 1124 459 1188 parm,
481 1108 667 1190 persingulas
678 1105 785 1179 allatas
800 1107 875 1166 mul·

191 1187 313 1249 to'ladle
337 1188 515 1249 abundante:
528 1186 723 1259 subnascitur,
741 1190 827 1248 etiam
847 1190 873 1246 si

193 1291 253 1330 non
274 1268 430 1350 scalpatur,
450 1269 525 1330 fetus
545 1287 644 1350 quater
663 1267 775 1340 aestate,
790 1271 875 1351 priu-

190 1370 312 1432 remque
322 1350 440 1430 'expellit
449 1353 642 1410 immaturum.
657 1348 795 1409 Materies
806 1371 874 1430 pro·

190 1433 246 1513 prii
270 1435 381 1512 generis
400 1433 474 1491 inter
492 1433 664 1490 utilissimas.
682 1429 764 1490 Caesa
776 1429 874 1490 statim

190 1511 295 1595 stagnis
316 1513 472 1595 mergitur:
486 1512 543 1572 hnc
564 1509 605 1570 est
622 1509 682 1590 ejus
702 1513 809 1572 siccari.
832 1509 873 1572 Et

186 1595 286 1676 primi>
301 1594 381 1668 sidit,
398 1591 498 1675 pellea
510 1593 622 1652 fluitare
640 1592 756 1672 incipit:
771 1590 872 1653 certd‘·

191 1695 249 1756 que
270 1673 342 1756 sugit
362 1695 426 1734 eam
447 1675 553 1734 alienus
576 1674 698 1746 humor,
713 1675 762 1752 qui
784 1673 872 1733 aliern

95 1809 96 1814 ,
192 1777 312 1816 omnem
325 1759 407 1837 rigat.
424 1753 500 1816 Clam
513 1757 639 1814 innatare
650 1756 784 1834 caeperit,
794 1773 872 1815 tem·

189 1835 313 1918 pestivae
329 1837 416 1896 habet
427 1839 549 1917 signum.

231 1917 300 1978 XV.
320 1917 395 1977 Huic
407 1916 506 1976 similis
517 1915 724 1996 quadamtenus
738 1937 801 1998 quae
814 1931 873 1978 voi

191 2015 271 2059 catur
294 1995 407 2078 Cypria
425 1997 496 2056 ficus
520 2001 548 2056 in
566 1995 665 2058 Creta.
678 1997 754 2057 Nam
772 1999 804 2059 dc
821 1998 872 2060 illa

190 2081 223 2138 in
248 2079 365 2139 caudice
387 2077 448 2158 ipso
473 2077 531 2138 sert
551 2099 691 2160 pomum,
714 2082 745 2142 &
767 2083 871 2156 ramis,

190 2163 258 2220 clun
276 2161 305 2218 in
322 2158 537 2220 crassitudinem
555 2159 720 2220 adolevere.
740 2158 797 2220 Sed
807 2159 871 2222 haee

192 2243 322 2322 germina
340 2242 445 2300 emittit
457 2243 519 2300 sine
534 2239 596 2300 ullis
609 2239 684 2300 foliis
700 2264 708 2300 τ
723 2241 819 2302 radice
832 2243 870 2301 si·

189 2321 266 2383 utilis
286 2321 414 2403 populo,
428 2319 530 2382 folium
551 2321 640 2380 ulmo.
663 2320 780 2382 Faustus
804 2327 871 2404 qua·

189 2418 290 2466 ternos
300 2400 410 2462 fundit:
423 2405 508 2462 toties
518 2403 550 2462 &
560 2403 709 2482 germinat.
719 2400 777 2463 Sed
789 2402 870 2484 gros*

189 2482 236 2544 sus
252 2481 312 2561 ejus
328 2505 388 2544 non
405 2481 582 2556 maturescit,
593 2484 648 2542 nisi
656 2481 775 2542 incisura
786 2483 870 2544 emis-

189 2563 222 2634 so
242 2562 323 2625 lalle.
348 2563 478 2625 Suavitas
497 2563 529 2624 δι
546 2564 701 2638 interiora,
723 2561 789 2624 lici:
807 2585 870 2625 ma·

189 2645 326 2726 gnitudo‚
346 2643 431 2706 sorbi.

231 2724 313 2784 XVI.
334 2723 362 2784 8.
376 2722 479 2784 Similis
496 2725 528 2788 &
556 2746 643 2807 quam
670 2723 756 2786 Iones
784 2747 869 2786 cero·

189 2805 267 2866 niam
286 2821 410 2868 uocant:
426 2819 528 2869 trunco
547 2807 578 2871 ἃ
599 2804 660 2888 ipsa
680 2805 867 2881 fertilis,sed
