<?xml version="1.0" encoding="UTF-8"?>
<!DOCTYPE html PUBLIC "-//W3C//DTD XHTML 1.0 Transitional//EN"
    "http://www.w3.org/TR/xhtml1/DTD/xhtml1-transitional.dtd">
<html xmlns="http://www.w3.org/1999/xhtml" xml:lang="en" lang="en">
 <head>
  <title>
</title>
<meta http-equiv="Content-Type" content="text/html;charset=utf-8" />
  <meta name='ocr-system' content='tesseract 3.04.00' />
  <meta name='ocr-capabilities' content='ocr_page ocr_carea ocr_par ocr_line ocrx_word'/>
</head>
<body>
  <div class='ocr_page' id='page_1' title='image "./caiipliniisecun01brotgoog_0350.png"; bbox 0 0 1932 3588; ppageno 0'>
   <div class='ocr_carea' id='block_1_1' title="bbox 105 313 772 423">
    <p class='ocr_par' dir='ltr' id='par_1_1' title="bbox 105 313 772 423">
     <span class='ocr_line' id='line_1_1' title="bbox 105 313 772 423; baseline 0.018 -31"><span class='ocrx_word' id='word_1_1' title='bbox 105 389 111 406; x_wconf 73' lang='grc'>,</span> <span class='ocrx_word' id='word_1_2' title='bbox 193 313 403 394; x_wconf 78' lang='lat' dir='ltr'>Hrston.</span> <span class='ocrx_word' id='word_1_3' title='bbox 428 315 648 398; x_wconf 81' lang='lat' dir='ltr'>LibllVIII.</span> <span class='ocrx_word' id='word_1_4' title='bbox 705 345 772 423; x_wconf 81' lang='lat'>34¹</span> 
     </span>
    </p>
   </div>
   <div class='ocr_carea' id='block_1_2' title="bbox 86 441 781 1810">
    <p class='ocr_par' dir='ltr' id='par_1_2' title="bbox 86 441 781 826">
     <span class='ocr_line' id='line_1_2' title="bbox 86 441 777 526; baseline 0.004 -23"><span class='ocrx_word' id='word_1_5' title='bbox 86 452 150 526; x_wconf 82' lang='lat' dir='ltr'>&#39;que</span> <span class='ocrx_word' id='word_1_6' title='bbox 170 441 359 515; x_wconf 77' lang='lat' dir='ltr'>constantius,</span> <span class='ocrx_word' id='word_1_7' title='bbox 377 443 437 525; x_wconf 87' lang='lat' dir='ltr'>qub</span> <span class='ocrx_word' id='word_1_8' title='bbox 451 463 549 525; x_wconf 81' lang='lat' dir='ltr'>operae</span> <span class='ocrx_word' id='word_1_9' title='bbox 567 443 652 505; x_wconf 85' lang='lat' dir='ltr'>nobis</span> <span class='ocrx_word' id='word_1_10' title='bbox 663 443 777 524; x_wconf 85' lang='lat' dir='ltr'>major‚&#39;</span> 
     </span>
     <span class='ocr_line' id='line_1_3' title="bbox 91 523 774 608; baseline 0.003 -25"><span class='ocrx_word' id='word_1_11' title='bbox 91 523 183 606; x_wconf 74' lang='lat' dir='ltr'>quiam</span> <span class='ocrx_word' id='word_1_12' title='bbox 196 523 279 584; x_wconf 82' lang='lat' dir='ltr'>famae</span> <span class='ocrx_word' id='word_1_13' title='bbox 290 565 300 596; x_wconf 90' lang='lat'><em>‚</em></span> <span class='ocrx_word' id='word_1_14' title='bbox 315 526 573 605; x_wconf 80' lang='lat' dir='ltr'>gratiaexpetitur.</span> <span class='ocrx_word' id='word_1_15' title='bbox 585 523 647 604; x_wconf 87' lang='lat' dir='ltr'>Qui</span> <span class='ocrx_word' id='word_1_16' title='bbox 669 547 706 608; x_wconf 85' lang='lat' dir='ltr'>pe</span> <span class='ocrx_word' id='word_1_17' title='bbox 717 525 774 586; x_wconf 88' lang='lat' dir='ltr'>ser·</span> 
     </span>
     <span class='ocr_line' id='line_1_4' title="bbox 90 601 781 687; baseline 0.003 -21"><span class='ocrx_word' id='word_1_18' title='bbox 90 623 144 666; x_wconf 87' lang='lat' dir='ltr'>mo</span> <span class='ocrx_word' id='word_1_19' title='bbox 165 606 240 665; x_wconf 87' lang='lat' dir='ltr'>circa</span> <span class='ocrx_word' id='word_1_20' title='bbox 257 624 323 664; x_wconf 88' lang='lat' dir='ltr'>rura</span> <span class='ocrx_word' id='word_1_21' title='bbox 341 601 401 678; x_wconf 90' lang='lat' dir='ltr'>est,</span> <span class='ocrx_word' id='word_1_22' title='bbox 418 603 596 687; x_wconf 83' lang='lat' dir='ltr'>agrestesque</span> <span class='ocrx_word' id='word_1_23' title='bbox 618 627 636 664; x_wconf 88' lang='lat' dir='ltr'>u</span> <span class='ocrx_word' id='word_1_24' title='bbox 650 627 702 678; x_wconf 82' lang='lat' dir='ltr'>us,</span> <span class='ocrx_word' id='word_1_25' title='bbox 723 605 781 668; x_wconf 83' lang='lat' dir='ltr'>sed-</span> 
     </span>
     <span class='ocr_line' id='line_1_5' title="bbox 90 682 776 768; baseline 0.006 -24"><span class='ocrx_word' id='word_1_26' title='bbox 90 683 199 764; x_wconf 85' lang='lat' dir='ltr'>quibus</span> <span class='ocrx_word' id='word_1_27' title='bbox 219 685 280 744; x_wconf 83' lang='lat' dir='ltr'>vita</span> <span class='ocrx_word' id='word_1_28' title='bbox 299 682 449 766; x_wconf 84' lang='lat' dir='ltr'>honosque</span> <span class='ocrx_word' id='word_1_29' title='bbox 469 685 547 767; x_wconf 87' lang='lat' dir='ltr'>apud</span> <span class='ocrx_word' id='word_1_30' title='bbox 558 683 667 768; x_wconf 84' lang='lat' dir='ltr'>priscos</span> <span class='ocrx_word' id='word_1_31' title='bbox 680 689 776 757; x_wconf 78' lang='lat' dir='ltr'>marti·¹</span> 
     </span>
     <span class='ocr_line' id='line_1_6' title="bbox 91 763 504 826; baseline -0.002 0"><span class='ocrx_word' id='word_1_32' title='bbox 91 785 159 826; x_wconf 82' lang='lat' dir='ltr'>mus</span> <span class='ocrx_word' id='word_1_33' title='bbox 180 763 275 825; x_wconf 84' lang='lat' dir='ltr'>fuerit.</span> <span class='ocrx_word' id='word_1_34' title='bbox 502 801 504 808; x_wconf 69' lang='lat'><em>,</em></span> 
     </span>
    </p>

    <p class='ocr_par' dir='ltr' id='par_1_3' title="bbox 90 841 777 1810">
     <span class='ocr_line' id='line_1_7' title="bbox 101 841 774 921; baseline 0.006 -17"><span class='ocrx_word' id='word_1_35' title='bbox 101 883 104 891; x_wconf 39' lang='grc' dir='ltr'><strong><em>ι</em></strong></span> <span class='ocrx_word' id='word_1_36' title='bbox 133 843 173 905; x_wconf 91' lang='grc' dir='ltr'>ΙΙ.</span> <span class='ocrx_word' id='word_1_37' title='bbox 191 864 219 906; x_wconf 80' lang='lat' dir='ltr'>a.</span> <span class='ocrx_word' id='word_1_38' title='bbox 237 843 385 906; x_wconf 81' lang='lat' dir='ltr'><strong>Arvorum</strong></span> <span class='ocrx_word' id='word_1_39' title='bbox 400 841 563 921; x_wconf 67' lang='lat' dir='ltr'>sacerdotes</span> <span class='ocrx_word' id='word_1_40' title='bbox 581 843 725 907; x_wconf 87' lang='lat' dir='ltr'>Romulus</span> <span class='ocrx_word' id='word_1_41' title='bbox 741 846 774 909; x_wconf 87' lang='lat' dir='ltr'>in</span> 
     </span>
     <span class='ocr_line' id='line_1_8' title="bbox 90 922 775 1008; baseline 0.006 -24"><span class='ocrx_word' id='word_1_42' title='bbox 90 927 194 1008; x_wconf 80' lang='lat' dir='ltr'>primis</span> <span class='ocrx_word' id='word_1_43' title='bbox 200 922 331 997; x_wconf 83' lang='lat' dir='ltr'>instituit,</span> <span class='ocrx_word' id='word_1_44' title='bbox 340 923 426 1004; x_wconf 86' lang='lat' dir='ltr'>seque</span> <span class='ocrx_word' id='word_1_45' title='bbox 439 925 645 986; x_wconf 87' lang='lat' dir='ltr'>duodecimum</span> <span class='ocrx_word' id='word_1_46' title='bbox 655 924 775 988; x_wconf 85' lang='lat' dir='ltr'>fratrem</span> 
     </span>
     <span class='ocr_line' id='line_1_9' title="bbox 91 1003 777 1087; baseline 0.006 -22"><span class='ocrx_word' id='word_1_47' title='bbox 91 1005 253 1087; x_wconf 85' lang='lat' dir='ltr'>appellavit</span> <span class='ocrx_word' id='word_1_48' title='bbox 272 1009 346 1064; x_wconf 84' lang='lat' dir='ltr'>inter</span> <span class='ocrx_word' id='word_1_49' title='bbox 365 1005 446 1078; x_wconf 87' lang='lat' dir='ltr'>illos,</span> <span class='ocrx_word' id='word_1_50' title='bbox 470 1006 506 1066; x_wconf 90' lang='lat' dir='ltr'>ab</span> <span class='ocrx_word' id='word_1_51' title='bbox 523 1003 604 1068; x_wconf 74' lang='lat' dir='ltr'>Acci</span> <span class='ocrx_word' id='word_1_52' title='bbox 620 1005 777 1069; x_wconf 61' lang='lat' dir='ltr'>Laurentii</span> 
     </span>
     <span class='ocr_line' id='line_1_10' title="bbox 91 1083 774 1170; baseline 0.004 -23"><span class='ocrx_word' id='word_1_53' title='bbox 91 1088 206 1147; x_wconf 84' lang='lat' dir='ltr'>nutrice</span> <span class='ocrx_word' id='word_1_54' title='bbox 228 1083 277 1146; x_wconf 74' lang='lat' dir='ltr'>sui</span> <span class='ocrx_word' id='word_1_55' title='bbox 297 1087 424 1168; x_wconf 84' lang='lat' dir='ltr'>genitos,</span> <span class='ocrx_word' id='word_1_56' title='bbox 439 1083 535 1167; x_wconf 64' lang='lat' dir='ltr'>spicea</span> <span class='ocrx_word' id='word_1_57' title='bbox 556 1087 685 1160; x_wconf 69' lang='lat' dir='ltr'>corona,</span> <span class='ocrx_word' id='word_1_58' title='bbox 707 1107 774 1170; x_wconf 80' lang='lat' dir='ltr'>quae</span> 
     </span>
     <span class='ocr_line' id='line_1_11' title="bbox 91 1164 776 1246; baseline 0.001 -18"><span class='ocrx_word' id='word_1_59' title='bbox 91 1166 168 1228; x_wconf 75' lang='lat' dir='ltr'>vitta</span> <span class='ocrx_word' id='word_1_60' title='bbox 193 1164 258 1225; x_wconf 75' lang='lat' dir='ltr'>albb</span> <span class='ocrx_word' id='word_1_61' title='bbox 285 1165 486 1246; x_wconf 84' lang='lat' dir='ltr'>colligaretur,</span> <span class='ocrx_word' id='word_1_62' title='bbox 500 1169 531 1226; x_wconf 90' lang='lat' dir='ltr'>in</span> <span class='ocrx_word' id='word_1_63' title='bbox 550 1165 711 1228; x_wconf 86' lang='lat' dir='ltr'>sacerdotio</span> <span class='ocrx_word' id='word_1_64' title='bbox 730 1170 776 1229; x_wconf 79' lang='lat' dir='ltr'>eia</span> 
     </span>
     <span class='ocr_line' id='line_1_12' title="bbox 92 1245 776 1386; baseline 0.003 -80"><span class='ocrx_word' id='word_1_65' title='bbox 92 1267 149 1329; x_wconf 90' lang='lat' dir='ltr'>pro</span> <span class='ocrx_word' id='word_1_66' title='bbox 171 1245 387 1386; x_wconf 52' lang='lat' dir='ltr'>religiosissimo</span> <span class='ocrx_word' id='word_1_67' title='bbox 405 1247 508 1328; x_wconf 84' lang='lat' dir='ltr'>insigni</span> <span class='ocrx_word' id='word_1_68' title='bbox 530 1245 692 1330; x_wconf 74' lang='lat' dir='ltr'>dati,quae</span> <span class='ocrx_word' id='word_1_69' title='bbox 732 1250 776 1308; x_wconf 82' lang='lat' dir='ltr'>ri-</span> 
     </span>
     <span class='ocr_line' id='line_1_13' title="bbox 93 1269 775 1410; baseline 0.004 -23"><span class='ocrx_word' id='word_1_70' title='bbox 93 1347 144 1387; x_wconf 86' lang='lat' dir='ltr'>ma</span> <span class='ocrx_word' id='word_1_71' title='bbox 163 1347 219 1408; x_wconf 84' lang='lat' dir='ltr'>apu</span> <span class='ocrx_word' id='word_1_72' title='bbox 256 1325 405 1386; x_wconf 80' lang='lat' dir='ltr'>Romanos</span> <span class='ocrx_word' id='word_1_73' title='bbox 416 1324 470 1386; x_wconf 85' lang='lat' dir='ltr'>fuit</span> <span class='ocrx_word' id='word_1_74' title='bbox 480 1346 589 1388; x_wconf 87' lang='lat' dir='ltr'>corona</span> <span class='ocrx_word' id='word_1_75' title='bbox 602 1347 610 1386; x_wconf 79' lang='lat' dir='ltr'>t</span> <span class='ocrx_word' id='word_1_76' title='bbox 623 1269 775 1410; x_wconf 47' lang='lat' dir='ltr'>bonosbue</span> 
     </span>
     <span class='ocr_line' id='line_1_14' title="bbox 93 1404 774 1480; baseline 0.001 -12"><span class='ocrx_word' id='word_1_77' title='bbox 93 1410 199 1469; x_wconf 68' lang='lat' dir='ltr'>bnon</span> <span class='ocrx_word' id='word_1_78' title='bbox 220 1408 274 1467; x_wconf 88' lang='lat' dir='ltr'>nisi</span> <span class='ocrx_word' id='word_1_79' title='bbox 294 1408 354 1468; x_wconf 70' lang='lat' dir='ltr'>vita</span> <span class='ocrx_word' id='word_1_80' title='bbox 372 1404 487 1480; x_wconf 89' lang='lat' dir='ltr'>finitur,</span> <span class='ocrx_word' id='word_1_81' title='bbox 505 1407 538 1470; x_wconf 76' lang='grc' dir='ltr'>δι</span> <span class='ocrx_word' id='word_1_82' title='bbox 558 1405 667 1468; x_wconf 82' lang='lat' dir='ltr'>exsules</span> <span class='ocrx_word' id='word_1_83' title='bbox 688 1411 774 1468; x_wconf 88' lang='lat' dir='ltr'>etiam</span> 
     </span>
     <span class='ocr_line' id='line_1_15' title="bbox 93 1485 776 1580; baseline 0.003 -32"><span class='ocrx_word' id='word_1_84' title='bbox 93 1485 250 1570; x_wconf 75' lang='lat' dir='ltr'>captosque</span> <span class='ocrx_word' id='word_1_85' title='bbox 265 1489 425 1565; x_wconf 80' lang='lat' dir='ltr'>comitatur.</span> <span class='ocrx_word' id='word_1_86' title='bbox 439 1485 511 1548; x_wconf 86' lang='lat' dir='ltr'>Bina</span> <span class='ocrx_word' id='word_1_87' title='bbox 524 1504 593 1550; x_wconf 90' lang='lat' dir='ltr'>tunc</span> <span class='ocrx_word' id='word_1_88' title='bbox 610 1485 707 1570; x_wconf 79' lang='lat' dir='ltr'>jugera</span> <span class='ocrx_word' id='word_1_89' title='bbox 719 1509 776 1580; x_wconf 69' lang='lat' dir='ltr'>po·</span> 
     </span>
     <span class='ocr_line' id='line_1_16' title="bbox 93 1567 776 1652; baseline 0.001 -23"><span class='ocrx_word' id='word_1_90' title='bbox 93 1569 168 1652; x_wconf 84' lang='lat' dir='ltr'>pulo</span> <span class='ocrx_word' id='word_1_91' title='bbox 183 1567 318 1629; x_wconf 86' lang='lat' dir='ltr'>Romano</span> <span class='ocrx_word' id='word_1_92' title='bbox 334 1567 398 1628; x_wconf 88' lang='lat' dir='ltr'>satis</span> <span class='ocrx_word' id='word_1_93' title='bbox 419 1585 518 1642; x_wconf 86' lang='lat' dir='ltr'>erant,</span> <span class='ocrx_word' id='word_1_94' title='bbox 537 1569 667 1651; x_wconf 87' lang='lat' dir='ltr'>nullique</span> <span class='ocrx_word' id='word_1_95' title='bbox 680 1589 776 1650; x_wconf 70' lang='lat' dir='ltr'>majo·</span> 
     </span>
     <span class='ocr_line' id='line_1_17' title="bbox 95 1647 776 1731; baseline 0.003 -21"><span class='ocrx_word' id='word_1_96' title='bbox 95 1648 161 1710; x_wconf 85' lang='lat' dir='ltr'>rem</span> <span class='ocrx_word' id='word_1_97' title='bbox 172 1648 304 1710; x_wconf 71' lang='lat' dir='ltr'>&#39;modum</span> <span class='ocrx_word' id='word_1_98' title='bbox 322 1647 473 1708; x_wconf 70' lang='lat' dir='ltr'>adtribuit:</span> <span class='ocrx_word' id='word_1_99' title='bbox 488 1669 549 1731; x_wconf 82' lang='lat' dir='ltr'>quo</span> <span class='ocrx_word' id='word_1_100' title='bbox 568 1647 668 1710; x_wconf 85' lang='lat' dir='ltr'>servos</span> <span class='ocrx_word' id='word_1_101' title='bbox 679 1651 776 1730; x_wconf 61' lang='lat' dir='ltr'>⁴paulu</span> 
     </span>
     <span class='ocr_line' id='line_1_18' title="bbox 96 1728 775 1810; baseline 0.001 -21"><span class='ocrx_word' id='word_1_102' title='bbox 96 1730 163 1790; x_wconf 69' lang='lat' dir='ltr'>antb</span> <span class='ocrx_word' id='word_1_103' title='bbox 184 1730 318 1810; x_wconf 82' lang='lat' dir='ltr'>principis</span> <span class='ocrx_word' id='word_1_104' title='bbox 336 1728 484 1804; x_wconf 85' lang='lat' dir='ltr'>Neronis,</span> <span class='ocrx_word' id='word_1_105' title='bbox 500 1732 674 1809; x_wconf 85' lang='lat' dir='ltr'>contemptis</span> <span class='ocrx_word' id='word_1_106' title='bbox 688 1728 775 1810; x_wconf 78' lang='lat' dir='ltr'>hujus</span> 
     </span>
    </p>
   </div>
   <div class='ocr_carea' id='block_1_3' title="bbox 96 1807 778 2031">
    <p class='ocr_par' dir='ltr' id='par_1_4' title="bbox 96 1807 778 2031">
     <span class='ocr_line' id='line_1_19' title="bbox 96 1807 776 1891; baseline 0 -21"><span class='ocrx_word' id='word_1_107' title='bbox 96 1809 179 1891; x_wconf 84' lang='lat' dir='ltr'>spatii</span> <span class='ocrx_word' id='word_1_108' title='bbox 196 1809 354 1881; x_wconf 86' lang='lat' dir='ltr'>viridariis,</span> <span class='ocrx_word' id='word_1_109' title='bbox 371 1808 489 1890; x_wconf 86' lang='lat' dir='ltr'>piscinas</span> <span class='ocrx_word' id='word_1_110' title='bbox 498 1807 579 1890; x_wconf 83' lang='lat' dir='ltr'>juvat</span> <span class='ocrx_word' id='word_1_111' title='bbox 589 1809 694 1870; x_wconf 88' lang='lat' dir='ltr'>habere</span> <span class='ocrx_word' id='word_1_112' title='bbox 714 1831 776 1870; x_wconf 88' lang='lat' dir='ltr'>tna·</span> 
     </span>
     <span class='ocr_line' id='line_1_20' title="bbox 96 1889 778 2031; baseline 0 -81"><span class='ocrx_word' id='word_1_113' title='bbox 96 1889 175 1970; x_wconf 75' lang='lat' dir='ltr'>joret</span> <span class='ocrx_word' id='word_1_114' title='bbox 186 1906 399 2031; x_wconf 51' lang='lat' dir='ltr'>affatumque,</span> <span class='ocrx_word' id='word_1_115' title='bbox 418 1894 513 1950; x_wconf 87' lang='lat' dir='ltr'>sinon</span> <span class='ocrx_word' id='word_1_116' title='bbox 533 1890 659 1970; x_wconf 87' lang='lat' dir='ltr'>aliquem</span> <span class='ocrx_word' id='word_1_117' title='bbox 674 1891 708 1952; x_wconf 78' lang='grc' dir='ltr'>δι</span> <span class='ocrx_word' id='word_1_118' title='bbox 723 1909 778 1950; x_wconf 88' lang='lat' dir='ltr'>cu·</span> 
     </span>
    </p>
   </div>
   <div class='ocr_carea' id='block_1_4' title="bbox 93 1973 778 2615">
    <p class='ocr_par' dir='ltr' id='par_1_5' title="bbox 93 1973 778 2615">
     <span class='ocr_line' id='line_1_21' title="bbox 94 1973 181 2032; baseline -0.011 0"><span class='ocrx_word' id='word_1_119' title='bbox 94 1973 181 2032; x_wconf 83' lang='lat' dir='ltr'>linas.</span> 
     </span>
     <span class='ocr_line' id='line_1_22' title="bbox 97 2046 777 2133; baseline -0.006 -18"><span class='ocrx_word' id='word_1_120' title='bbox 97 2054 133 2115; x_wconf 78' lang='lat' dir='ltr'>bt</span> <span class='ocrx_word' id='word_1_121' title='bbox 151 2050 232 2112; x_wconf 77' lang='lat' dir='ltr'>moli</span> <span class='ocrx_word' id='word_1_122' title='bbox 249 2049 320 2111; x_wconf 67' lang='lat' dir='ltr'>salsi</span> <span class='ocrx_word' id='word_1_123' title='bbox 334 2048 509 2132; x_wconf 88' lang='lat' dir='ltr'>supplicare,</span> <span class='ocrx_word' id='word_1_124' title='bbox 520 2066 606 2132; x_wconf 90' lang='lat' dir='ltr'>atque</span> <span class='ocrx_word' id='word_1_125' title='bbox 616 2046 777 2133; x_wconf 74' lang='lat' dir='ltr'>(utauttor</span> 
     </span>
     <span class='ocr_line' id='line_1_23' title="bbox 98 2128 776 2214; baseline -0.001 -21"><span class='ocrx_word' id='word_1_126' title='bbox 98 2131 142 2193; x_wconf 83' lang='lat' dir='ltr'>est</span> <span class='ocrx_word' id='word_1_127' title='bbox 161 2128 310 2212; x_wconf 83' lang='lat' dir='ltr'>Hemina)</span> <span class='ocrx_word' id='word_1_128' title='bbox 322 2128 364 2190; x_wconf 90' lang='lat' dir='ltr'>far</span> <span class='ocrx_word' id='word_1_129' title='bbox 376 2145 504 2206; x_wconf 85' lang='lat' dir='ltr'>torrere,</span> <span class='ocrx_word' id='word_1_130' title='bbox 518 2131 655 2214; x_wconf 87' lang='lat' dir='ltr'>quoniam</span> <span class='ocrx_word' id='word_1_131' title='bbox 667 2128 776 2194; x_wconf 88' lang='lat' dir='ltr'>tostum</span> 
     </span>
     <span class='ocr_line' id='line_1_24' title="bbox 99 2208 778 2274; baseline -0.003 0"><span class='ocrx_word' id='word_1_132' title='bbox 99 2212 166 2274; x_wconf 83' lang='lat' dir='ltr'>cibo</span> <span class='ocrx_word' id='word_1_133' title='bbox 186 2211 321 2273; x_wconf 83' lang='lat' dir='ltr'>salubrius</span> <span class='ocrx_word' id='word_1_134' title='bbox 348 2208 428 2273; x_wconf 87' lang='lat' dir='ltr'>esset.</span> <span class='ocrx_word' id='word_1_135' title='bbox 446 2210 481 2272; x_wconf 92' lang='lat' dir='ltr'>ld</span> <span class='ocrx_word' id='word_1_136' title='bbox 500 2233 559 2273; x_wconf 92' lang='lat' dir='ltr'>uno</span> <span class='ocrx_word' id='word_1_137' title='bbox 579 2212 671 2274; x_wconf 87' lang='lat' dir='ltr'>modo</span> <span class='ocrx_word' id='word_1_138' title='bbox 700 2231 778 2274; x_wconf 87' lang='lat' dir='ltr'>con-</span> 
     </span>
     <span class='ocr_line' id='line_1_25' title="bbox 100 2289 776 2373; baseline 0.006 -21"><span class='ocrx_word' id='word_1_139' title='bbox 100 2289 248 2364; x_wconf 83' lang='lat' dir='ltr'>secutum,</span> <span class='ocrx_word' id='word_1_140' title='bbox 268 2289 419 2354; x_wconf 86' lang='lat' dir='ltr'>statuendo</span> <span class='ocrx_word' id='word_1_141' title='bbox 444 2313 504 2353; x_wconf 88' lang='lat' dir='ltr'>non</span> <span class='ocrx_word' id='word_1_142' title='bbox 532 2291 588 2354; x_wconf 85' lang='lat' dir='ltr'>elle</span> <span class='ocrx_word' id='word_1_143' title='bbox 616 2313 720 2373; x_wconf 85' lang='lat' dir='ltr'>putum</span> <span class='ocrx_word' id='word_1_144' title='bbox 737 2291 776 2356; x_wconf 82' lang='lat' dir='ltr'>ad</span> 
     </span>
     <span class='ocr_line' id='line_1_26' title="bbox 97 2371 777 2445; baseline 0.001 -13"><span class='ocrx_word' id='word_1_145' title='bbox 97 2393 162 2434; x_wconf 82' lang='lat' dir='ltr'>rem</span> <span class='ocrx_word' id='word_1_146' title='bbox 179 2371 307 2434; x_wconf 86' lang='lat' dir='ltr'>divinam</span> <span class='ocrx_word' id='word_1_147' title='bbox 316 2415 327 2445; x_wconf 81' lang='grc'><strong>.</strong></span> <span class='ocrx_word' id='word_1_148' title='bbox 349 2374 403 2433; x_wconf 87' lang='lat' dir='ltr'>nisi</span> <span class='ocrx_word' id='word_1_149' title='bbox 420 2371 534 2434; x_wconf 88' lang='lat' dir='ltr'>tostum.</span> <span class='ocrx_word' id='word_1_150' title='bbox 554 2372 582 2433; x_wconf 86' lang='lat' dir='ltr'>ls</span> <span class='ocrx_word' id='word_1_151' title='bbox 594 2373 627 2432; x_wconf 84' lang='lat'>&amp;</span> <span class='ocrx_word' id='word_1_152' title='bbox 637 2373 777 2434; x_wconf 87' lang='lat' dir='ltr'>Fomaca·</span> 
     </span>
     <span class='ocr_line' id='line_1_27' title="bbox 95 2450 778 2532; baseline -0.004 -19"><span class='ocrx_word' id='word_1_153' title='bbox 95 2453 138 2514; x_wconf 80' lang='lat' dir='ltr'>lia</span> <span class='ocrx_word' id='word_1_154' title='bbox 157 2451 276 2513; x_wconf 87' lang='lat' dir='ltr'>instituit</span> <span class='ocrx_word' id='word_1_155' title='bbox 294 2450 373 2512; x_wconf 86' lang='lat' dir='ltr'>fatris</span> <span class='ocrx_word' id='word_1_156' title='bbox 390 2453 521 2512; x_wconf 86' lang='lat' dir='ltr'>torrendi</span> <span class='ocrx_word' id='word_1_157' title='bbox 534 2451 636 2521; x_wconf 85' lang='lat' dir='ltr'>ferias,</span> <span class='ocrx_word' id='word_1_158' title='bbox 647 2453 681 2513; x_wconf 74' lang='grc' dir='ltr'>δι</span> <span class='ocrx_word' id='word_1_159' title='bbox 692 2451 778 2532; x_wconf 75' lang='lat' dir='ltr'>aeque</span> 
     </span>
     <span class='ocr_line' id='line_1_28' title="bbox 93 2528 777 2615; baseline -0.006 -22"><span class='ocrx_word' id='word_1_160' title='bbox 93 2531 244 2615; x_wconf 85' lang='lat' dir='ltr'>religiosas</span> <span class='ocrx_word' id='word_1_161' title='bbox 256 2534 384 2592; x_wconf 82' lang='lat' dir='ltr'>terminis</span> <span class='ocrx_word' id='word_1_162' title='bbox 393 2551 536 2614; x_wconf 85' lang='lat' dir='ltr'>agrorum.</span> <span class='ocrx_word' id='word_1_163' title='bbox 547 2528 612 2588; x_wconf 85' lang='lat' dir='ltr'>Hos</span> <span class='ocrx_word' id='word_1_164' title='bbox 617 2532 695 2590; x_wconf 89' lang='lat' dir='ltr'>enim</span> <span class='ocrx_word' id='word_1_165' title='bbox 704 2529 777 2590; x_wconf 82' lang='lat' dir='ltr'>debs</span> 
     </span>
    </p>
   </div>
   <div class='ocr_carea' id='block_1_5' title="bbox 230 1967 875 2050">
    <p class='ocr_par' dir='ltr' id='par_1_6' title="bbox 230 1967 875 2050">
     <span class='ocr_line' id='line_1_29' title="bbox 230 1967 875 2050; baseline -0.002 -20"><span class='ocrx_word' id='word_1_166' title='bbox 230 1991 297 2030; x_wconf 90' lang='lat' dir='ltr'>uma</span> <span class='ocrx_word' id='word_1_167' title='bbox 313 1967 431 2031; x_wconf 81' lang='lat' dir='ltr'>instituit</span> <span class='ocrx_word' id='word_1_168' title='bbox 453 1969 526 2042; x_wconf 85' lang='lat' dir='ltr'>deos</span> <span class='ocrx_word' id='word_1_169' title='bbox 546 1967 627 2050; x_wconf 78' lang='lat' dir='ltr'>fruge</span> <span class='ocrx_word' id='word_1_170' title='bbox 654 1969 753 2030; x_wconf 87' lang='lat' dir='ltr'>colere</span> <span class='ocrx_word' id='word_1_171' title='bbox 765 1982 779 2045; x_wconf 86' lang='lat'>,&#39;</span> <span class='ocrx_word' id='word_1_172' title='bbox 870 2023 875 2029; x_wconf 94' lang='lat'>.</span> 
     </span>
    </p>
   </div>
   <div class='ocr_carea' id='block_1_6' title="bbox 94 2606 908 2689">
    <p class='ocr_par' dir='ltr' id='par_1_7' title="bbox 94 2606 908 2689">
     <span class='ocr_line' id='line_1_30' title="bbox 94 2606 908 2689; baseline -0.01 -15"><span class='ocrx_word' id='word_1_173' title='bbox 94 2630 170 2674; x_wconf 85' lang='lat' dir='ltr'>tunc</span> <span class='ocrx_word' id='word_1_174' title='bbox 185 2612 314 2675; x_wconf 74' lang='lat' dir='ltr'>maxime</span> <span class='ocrx_word' id='word_1_175' title='bbox 324 2627 483 2674; x_wconf 86' lang='lat' dir='ltr'>noverant:</span> <span class='ocrx_word' id='word_1_176' title='bbox 497 2606 651 2689; x_wconf 78' lang='lat' dir='ltr'>Sejamque</span> <span class='ocrx_word' id='word_1_177' title='bbox 661 2630 678 2668; x_wconf 87' lang='lat' dir='ltr'>a</span> <span class='ocrx_word' id='word_1_178' title='bbox 687 2606 779 2670; x_wconf 88' lang='lat' dir='ltr'>seren·</span> <span class='ocrx_word' id='word_1_179' title='bbox 907 2619 908 2622; x_wconf 75' lang='grc'>’</span> 
     </span>
    </p>
   </div>
   <div class='ocr_carea' id='block_1_7' title="bbox 94 2688 781 2836">
    <p class='ocr_par' dir='ltr' id='par_1_8' title="bbox 94 2688 781 2836">
     <span class='ocr_line' id='line_1_31' title="bbox 94 2688 781 2775; baseline -0.006 -23"><span class='ocrx_word' id='word_1_180' title='bbox 94 2693 158 2766; x_wconf 60' lang='lat' dir='ltr'>elo,</span> <span class='ocrx_word' id='word_1_181' title='bbox 170 2691 314 2775; x_wconf 82' lang='lat' dir='ltr'>Segestam</span> <span class='ocrx_word' id='word_1_182' title='bbox 324 2713 341 2752; x_wconf 91' lang='lat' dir='ltr'>a</span> <span class='ocrx_word' id='word_1_183' title='bbox 350 2691 491 2774; x_wconf 84' lang='lat' dir='ltr'>segetibus</span> <span class='ocrx_word' id='word_1_184' title='bbox 501 2688 697 2772; x_wconf 79' lang='lat' dir='ltr'>appellabant:</span> <span class='ocrx_word' id='word_1_185' title='bbox 710 2708 781 2770; x_wconf 87' lang='lat' dir='ltr'>qua·</span> 
     </span>
     <span class='ocr_line' id='line_1_32' title="bbox 97 2767 778 2836; baseline -0.009 0"><span class='ocrx_word' id='word_1_186' title='bbox 97 2793 167 2836; x_wconf 79' lang='lat' dir='ltr'>mut</span> <span class='ocrx_word' id='word_1_187' title='bbox 183 2773 333 2834; x_wconf 86' lang='lat' dir='ltr'>simulacra</span> <span class='ocrx_word' id='word_1_188' title='bbox 346 2775 376 2833; x_wconf 92' lang='lat' dir='ltr'>in</span> <span class='ocrx_word' id='word_1_189' title='bbox 387 2771 477 2833; x_wconf 87' lang='lat' dir='ltr'>Circo</span> <span class='ocrx_word' id='word_1_190' title='bbox 488 2771 633 2832; x_wconf 84' lang='lat' dir='ltr'>videmus.</span> <span class='ocrx_word' id='word_1_191' title='bbox 645 2767 778 2830; x_wconf 87' lang='lat' dir='ltr'>Tertiam</span> 
     </span>
    </p>
   </div>
   <div class='ocr_carea' id='block_1_8' title="bbox 97 2847 778 3014">
    <p class='ocr_par' dir='ltr' id='par_1_9' title="bbox 97 2847 778 3014">
     <span class='ocr_line' id='line_1_33' title="bbox 97 2847 778 2994; baseline -0.009 -76"><span class='ocrx_word' id='word_1_192' title='bbox 97 2873 140 2918; x_wconf 72' lang='lat' dir='ltr'>aa</span> <span class='ocrx_word' id='word_1_193' title='bbox 155 2851 201 2916; x_wconf 79' lang='lat' dir='ltr'>bis</span> <span class='ocrx_word' id='word_1_194' title='bbox 217 2855 367 2916; x_wconf 84' lang='lat' dir='ltr'>nominare</span> <span class='ocrx_word' id='word_1_195' title='bbox 389 2851 440 2916; x_wconf 89' lang='lat' dir='ltr'>sub</span> <span class='ocrx_word' id='word_1_196' title='bbox 459 2849 535 2917; x_wconf 69' lang='lat' dir='ltr'>tetro</span> <span class='ocrx_word' id='word_1_197' title='bbox 554 2847 718 2994; x_wconf 52' lang='lat' dir='ltr'>reggigest.</span> <span class='ocrx_word' id='word_1_198' title='bbox 730 2849 778 2923; x_wconf 63' lang='lat' dir='ltr'>Aa</span> 
     </span>
     <span class='ocr_line' id='line_1_34' title="bbox 626 2952 657 3014; baseline 0 0"><span class='ocrx_word' id='word_1_199' title='bbox 626 2952 657 3014; x_wconf 80' lang='lat' dir='ltr'>u</span> 
     </span>
    </p>
   </div>
   <div class='ocr_carea' id='block_1_9' title="bbox 0 0 982 3588">
    <p class='ocr_par' dir='ltr' id='par_1_10' title="bbox 0 0 982 3588">
     <span class='ocr_line' id='line_1_35' title="bbox 0 0 982 3588; baseline 0 0"><span class='ocrx_word' id='word_1_200' title='bbox 0 0 982 3588; x_wconf 95' lang='lat' dir='ltr'> </span> 
     </span>
    </p>
   </div>
  </div>
 </body>
</html>
