1934 3592
217 297 287 348 212
339 273 818 346 cnrrrrrnrrvr.

214 395 322 478 pltear:
336 393 372 454 de
391 393 493 476 quibus
512 392 594 474 plura
607 411 677 454 mox
687 391 785 474 paulin.
802 391 906 453 Inter:
961 357 962 449 l

214 475 284 538 dum
307 495 343 535 ue
385 477 469 534 ariter
489 494 535 536 res
553 491 706 556 quaternas
727 473 852 534 habent.
961 477 962 540 i

221 623 222 628 η
255 497 332 616 Llll.
382 554 482 616 rbores
506 553 640 636 quaedam
653 553 820 649 simplices,
837 555 907 634 qui·
961 569 962 590 ¹

212 631 268 714 ltus
280 636 399 698 aradice
408 635 519 696 caudex
533 653 623 696 unus:
637 635 748 696 &tamt
760 633 906 714 frequen·

139 764 141 768 -
214 733 278 791 tes,
298 735 329 778 ut
344 715 536 790 olivae‚fic0,
553 715 615 777 viti.
638 714 787 794 Quaedam
818 712 906 773 fruti·
961 717 962 764 ἐ

215 800 279 860 cosi
302 799 439 878 generis,
462 796 660 876 utpaliurus,
681 811 815 875 myrtus:
830 797 905 855 item

215 899 274 940 nux
286 877 436 938 avellana:
453 879 524 959 quin
539 879 631 936 immo
657 877 762 936 melior
782 873 848 949 est,
871 877 905 936 δι

217 955 481 1040 copiosiorfrudlu,
503 958 534 1016 in
553 957 650 1038 plures
661 954 783 1037 dispersa
791 975 903 1016 ramos.

215 1037 250 1100 In
270 1035 438 1118 quibusdam
463 1039 585 1098 omnino
611 1036 724 1108 nullus,
749 1037 832 1098 utin
851 1033 904 1096 suo

190 1191 195 1197 ,
214 1137 321 1260 genere
338 1119 435 1191 buxo,
451 1117 515 1179 loto
533 1115 733 1178 transmarinae.
750 1114 905 1195 Quaedam

237 1197 350 1271 ifurcae‚
369 1216 398 1258 at
419 1219 455 1260 ue
478 1202 564 1260 etiam
582 1199 612 1258 in
627 1202 726 1280 quinas
738 1213 837 1278 partes
853 1193 904 1258 dif-

214 1277 292 1340 iusae.
314 1220 462 1360 Quaedam
478 1279 623 1351 dividuae,
644 1298 699 1340 nec
710 1277 855 1350 ramosae,
867 1291 900 1336 ut

215 1363 317 1444 piceae.
337 1359 521 1440 Quibusdam
542 1380 688 1421 ramorum
710 1359 902 1437 ordo,{sicut

216 1443 327 1524 piceae,
342 1442 440 1502 abieti.
460 1441 540 1504 Alies
556 1440 735 1513 inconditus,
754 1457 786 1500 ut
809 1439 902 1500 robo-

216 1523 260 1596 ri,
276 1521 373 1596 malo,
387 1525 461 1603 piro.
482 1521 519 1582 Et
538 1521 624 1581 abieti
642 1521 762 1602 quidem
772 1517 901 1580 subrecta

216 1602 370 1673 divisura,
395 1604 523 1684 ramique
544 1603 574 1662 in
596 1602 698 1662 caelum
730 1600 900 1669 tendentes,

217 1704 278 1745 nou
298 1685 329 1742 in
347 1683 435 1744 latera
452 1684 545 1764 pruni.
570 1681 709 1753 Mirum,
743 1681 901 1742 cacumini-

121 1833 124 1838 *
217 1763 274 1825 bus
292 1783 396 1826 eorum
406 1764 509 1824 decisis
520 1763 658 1823 moritur:
672 1763 741 1824 tetis
753 1764 829 1824 veri>
844 1761 896 1822 de·

219 1847 355 1909 truncatis
374 1843 467 1904 durat.
487 1841 525 1904 Et
542 1843 569 1902 si
582 1840 681 1914 iniri,
708 1842 810 1924 quim.
826 1839 899 1902 rami

217 1923 321 2000 fuere,
341 1925 529 2007 praecidatur,
548 1923 629 2004 quod
646 1922 789 2004 superest,
807 1923 897 1986 vivit:

220 2008 249 2068 si.
262 2007 336 2067 veru
358 2025 501 2066 cacumen
521 2005 634 2064 tantum
653 2001 819 2075 auferatur,
838 2017 899 2064 tota

219 2087 351 2146 moritur.
370 2083 438 2145 Alia
454 2085 490 2146 ab
505 2084 600 2146 radice
615 2083 759 2146 brachiata
770 2129 784 2158 ,
801 2102 833 2146 ut
858 2081 898 2144 ulr

220 2183 298 2227 mus.
323 2164 391 2227 Alia
408 2168 437 2224 in
454 2167 601 2226 cacumine
620 2164 749 2240 ramosa,
760 2181 791 2224 ut
801 2167 897 2247 pinus,

219 2246 323 2316 lotos,
338 2245 401 2304 sive
418 2243 482 2304 faba
508 2241 612 2305 Gtaeca
628 2268 636 2306 ι
651 2265 738 2328 quam
758 2245 862 2308 Roma
882 2262 900 2302 a

219 2325 357 2387 suavitate
375 2323 481 2386 frudtis
499 2324 635 2386 silvestris
648 2327 786 2408 quidem,
797 2327 897 2388 sedec·

204 2461 205 2466 ,
219 2405 348 2468 rasorum
361 2404 655 2487 paenenatutd,lotou
664 2408 817 2489 appellant.
830 2406 898 2470 Pte·

220 2490 304 2570 cipue
321 2487 456 2550 domibus
479 2490 623 2567 expetitur
647 2509 794 2552 carnutum
818 2503 899 2572 petu-

220 2567 324 2642 lantia,
343 2568 427 2629 brevi
445 2567 560 2630 caudice
582 2569 720 2632 latissimi
742 2567 899 2652 exspatiata

221 2651 295 2710 tium
313 2649 439 2719 umbri,
461 2650 494 2710 δι
510 2651 540 2708 in
558 2651 673 2710 vicinas.
691 2650 797 2712 domos
825 2648 897 2729 saepe

221 2728 451 2791 transilientium.
469 2727 549 2788 Nulli
561 2733 692 2812 opacitas¹
699 2731 833 2792 brevior:
844 2745 895 2788 nec

221 2807 314 2876 aufert
330 2807 430 2874 Solem
446 2809 542 2874 hieme
559 2855 572 2887 2
589 2807 790 2878 decidentibus
812 2810 896 2875 foliis·
