1934 3592
208 329 280 398 224
329 310 366 380 C.
393 309 570 380 Parma
595 311 789 382 Nau-rt.

206 425 337 490 Differre
358 447 453 490 mares
470 449 503 488 ac
520 425 642 498 feminas
658 429 688 489 'm
708 419 753 490 lis
771 443 894 511 quoque

206 507 275 582 Indi
294 507 417 570 tradunt.
440 505 566 590 Spissius
584 510 657 570 mati
673 531 800 605 corpus,
811 507 894 570 femi·

207 610 254 655 11ae
275 591 414 670 capacius.
431 587 680 672 Navigiorum'que
695 607 784 652 enam
794 592 893 651 vicem

209 669 344 752 praestant
363 667 408 752 (si
423 669 591 752 credimus)
608 672 721 753 singula
763 673 896 734 interno·

209 752 267 813 dia.
293 749 381 816 Cirta
396 750 554 815 Acesinem
564 772 681 816 munem
697 753 825 814 maxime
837 747 896 812 nas·

187 853 189 858 '
212 848 325 898 cuntur.
772 845 775 852 '

251 911 377 975 Arundo
394 915 490 976 omnis
511 935 547 975 ex
567 912 625 976 uni
642 911 691 976 stir
713 934 730 973 e
752 933 897 974 numerod

211 991 255 1068 sa,
269 1011 354 1076 atque
380 997 468 1054 etiam
488 994 576 1057 recisa
594 994 658 1055 secu
701 997 748 1054 iius
764 992 896 1076 resurgit.
959 1023 960 1038 ¹

210 1074 306 1135 Radix
324 1075 426 1135 naturi
448 1077 559 1151 vivax,
606 1075 746 1136 eniculata
768 1075 804 1136 δι
827 1076 838 1134 i
859 1072 895 1138 sa.

211 1154 294 1219 Folia
316 1152 421 1216 Indicis
452 1157 564 1216 tantum
586 1097 709 1218 lsrevia.
746 1097 896 1215 Omnilus

211 1237 286 1296 vero
301 1255 318 1296 a
335 1235 416 1298 nodo
442 1235 506 1298 orsa
533 1236 688 1319 complexu
717 1251 823 1296 tenues
846 1255 895 1318 per
959 1257 960 1262 ¹

211 1315 354 1378 ambitum
369 1315 510 1378 inducunt
532 1320 666 1380 turritas:
688 1334 776 1398 atque
798 1337 817 1378 a
836 1336 897 1378 tne-

212 1397 263 1458 dio
294 1399 462 1460 internodio
488 1398 731 1482 cumplurimum
763 1397 907 1459 desinunt·
959 1407 960 1410 ’

212 1475 340 1550 vestire,
358 1480 619 1562 procuffihumque.
644 1477 746 1539 Latera
765 1477 896 1538 arundini

212 1558 384 1642 calamoque
402 1561 432 1620 in
453 1560 627 1621 rotunditate
643 1559 723 1631 bina,
739 1557 828 1640 super
844 1579 895 1618 noae

215 1640 270 1700 dos
292 1639 401 1701 alterno
434 1638 494 1700 sem
516 1662 548 1701 er
566 1640 699 1724 inguine,
720 1655 752 1698 ut
774 1639 894 1701 alterum

214 1721 252 1781 ad
274 1719 375 1781 dextra
395 1717 462 1793 fiat,
480 1663 601 1782 alterum
621 1719 649 1780 su
674 1721 765 1783 etiore
779 1723 895 1802 genicu-

214 1801 247 1864 lo
265 1801 302 1861 ad
320 1803 394 1866 laeva
412 1822 466 1884 pet
489 1805 579 1864 vices.
606 1743 679 1863 lude
708 1817 818 1862 exeunt
846 1799 894 1868 aliq

215 1882 335 1966 quando
355 1885 446 1956 rami,
461 1885 510 1964 qui
529 1881 592 1944 sunt
609 1881 710 1946 calami
731 1897 846 1945 tenues.

255 1961 364 2026 LXVI.
387 1960 472 2024 Plura
493 1981 593 2027 autem
617 1983 730 2045 genera.
751 1956 894 2042 Auafpis-

217 2041 296 2120 sior,
306 2043 480 2124 densiorque
497 2043 648 2126 geniculis,
663 2043 802 2105 brevibus
813 2045 895 2104 inter·

217 2124 323 2185 nodiis.
335 2124 402 2184 Alia
412 2127 502 2184 rarior
514 2123 706 2204 ,majoribus:
723 2125 894 2206 tenuiorque
960 2137 961 2211 l

216 2204 249 2264 &
258 2203 327 2283 ipsa.
337 2201 472 2265 Calamus
480 2207 554 2266 verb
566 2206 636 2266 alius
648 2223 726 2266 totus
735 2224 893 2282 concavus,
960 2215 961 2268 l

216 2304 305 2364 quem
315 2281 466 2364 syringiam
474 2286 773 2359 vocant,utilissimus
783 2284 895 2358 fistulis,
960 2307 961 2314 ³

238 2366 354 2426 uoniam
361 2363 432 2424 nihil
443 2363 484 2424 est
492 2366 517 2426 ei
524 2366 692 2450 cartilaginis
703 2383 790 2448 atque
799 2367 894 2430 carnis.

216 2386 436 2508 ⁴ilrchomenius
456 2443 498 2507 est
514 2447 651 2512 contiuuo
674 2446 817 2510 foramine
832 2467 895 2528 pet·

217 2527 303 2599 vius,
321 2546 408 2610 quem
423 2527 577 2590 auleticum
597 2544 705 2589 vocant
722 2548 732 2590 ι
751 2527 799 2588 hic
824 2527 894 2590 tibiis

219 2608 337 2680 utilior,
356 2605 454 2667 fistulis
476 2608 535 2670 ille.
553 2605 602 2672 Est
620 2610 690 2672 alius
711 2611 850 2670 crassiore
865 2607 894 2666 li·

218 2707 295 2772 gno,
307 2689 345 2750 &v
357 2689 436 2750 tenui
454 2686 614 2762 foramine,
634 2691 710 2754 hunc
723 2706 819 2750 totum
836 2687 894 2748 fun·

216 2766 288 2848 gosa
305 2765 398 2848 ieplet
418 2768 554 2842 medulla.
575 2768 658 2835 Alius
676 2771 814 2841 brevior,
827 2767 893 2832 alius

218 2850 388 2932 procerior,
408 2848 533 2928 exilior,
558 2853 749 2940 crassiorque.
767 2849 893 2938 fruticov
