1942 3586
206 246 273 314 to4
322 226 358 294 C.
383 223 555 294 Prttttt
572 225 769 293 Narnia.

199 343 371 412 austeritas:
390 342 452 404 solo
476 344 611 404 vinorum
636 342 765 402 flamma
787 359 896 402 accen·

201 423 371 484 ditum-Tria
386 422 448 497 eius
468 444 591 506 genera,
601 422 770 494 austerum,
783 423 895 496 dulce,

191 513 300 564 tenue.
325 502 456 581 Quidam
479 505 518 564 ita
538 503 717 586 distinguunt
739 525 748 564 a
771 502 895 563 summis

200 585 325 646 collibus
341 581 507 658 Gauranum
527 585 619 666 gigni,
640 583 753 644 mediis
765 579 896 644 Fauslia·

201 687 294 737 num,
313 667 378 724 imis
395 664 555 726 Falernum.
585 664 656 724 Non
686 665 895 725 omittendum

200 763 298 807 autem
318 743 388 805 nulli
409 765 511 806 eorum
526 765 591 825 qua
615 743 833 820 celebrentur,
851 741 895 825 ju·

119 879 126 894 ,
202 827 330 886 'cundum
355 823 488 906 saporem
507 847 572 886 uvae
590 824 657 886 elle,
723 875 726 882 .

244 907 294 968 Ad
312 907 424 966 tertiam
433 905 560 986 palmam
573 907 651 966 varie
663 905 786 967 venete
802 904 895 966 Alba·

200 1007 238 1047 na
260 985 333 1047 Urbi
355 986 462 1059 vicina,
475 986 697 1065 praeduleia,ac
718 1008 787 1046 rara
803 989 894 1046 inau-

201 1065 287 1128 stetu.
297 1065 371 1127 ltem
380 1064 547 1126 Surrentina
557 1067 586 1125 in
596 1069 689 1128 vineis
700 1063 892 1128 tantumnas·

200 1149 309 1220 centia,
325 1144 591 1208 convalescentibus
605 1147 734 1207 maxime
747 1149 892 1226 probata,
960 1183 961 1194 κ

202 1246 322 1310 propter
334 1229 508 1288 tenuitatem
521 1225 787 1307 salubritatemque.
802 1226 893 1287 Tibe·
960 1265 961 1314 t

202 1311 260 1370 rius
278 1305 373 1370 Caesar
389 1307 503 1368 dicebat
519 1329 538 1362 ιι
550 1305 721 1368 consensisse
733 1309 891 1380 medicos',
960 1329 961 1366 ι

203 1413 223 1450 u
234 1405 266 1449 ut
280 1390 460 1464 nobilitatem
479 1386 646 1449 Surrentino
663 1388 793 1462 darent,
817 1388 892 1448 alioo
960 1381 961 1406 ¹

203 1493 222 1528 n
236 1467 350 1550 quiesse
363 1466 534 1551 generosum
545 1485 657 1530 acetum
669 1495 698 1530 n.
718 1465 813 1530 Caius
826 1466 891 1530 Cre·
960 1465 961 1540 l

202 1547 263 1624 sat,
273 1553 321 1631 qui
333 1549 468 1610 successit
479 1548 538 1623 illi,
551 1571 569 1604 ιι
579 1550 709 1610 nobilem
718 1570 852 1632 vappam
860 1572 890 1610 u.
960 1545 961 1620 J

203 1625 324 1690 Certant
339 1629 465 1690 Massica
478 1630 581 1710 aque,
603 1651 639 1690 ex
661 1649 767 1691 monte
786 1627 889 1692 Gauro
960 1647 961 1696 t

203 1707 340 1772 Puteolos
359 1709 495 1790 Baiasque
506 1709 721 1791 prospeElantia.
746 1705 830 1771 Nam
835 1709 888 1770 Fa·
960 1715 961 1754 l

204 1790 288 1852 lerno
315 1793 491 1851 contermina
520 1789 633 1851 Statana
651 1791 688 1851 ad
708 1791 888 1873 principatus
960 1785 961 1824 ³

205 1869 316 1932 venete
335 1891 395 1932 non
420 1871 524 1930 dubie:
542 1871 635 1952 palam
658 1892 693 1932 ue
717 1871 819 1933 secere
840 1868 887 1930 sua
960 1933 961 1946 2

206 1949 458 2032 quibusquetetrls
469 1969 603 2030 tempora
615 1893 689 2024 elie,
702 1955 780 2014 sicut
790 1969 888 2012 rerum

204 2048 365 2112 proventus
389 2029 569 2113 occasusque.
586 2030 684 2092 Juntla
705 2032 750 2092 his
772 2052 887 2114 praepo·
960 2043 961 2112 l

206 2113 237 2170 ni
258 2110 386 2172 solebant
407 2108 532 2172 Calena:
551 2112 710 2193 &quaein
729 2114 828 2174 vineis
847 2131 887 2171 at·
960 2125 961 2170 l

135 2253 138 2260 ,
205 2188 296 2252 bustis
313 2211 348 2250 ue
368 2189 533 2264 nascuntur,
546 2191 690 2252 Fundana.
710 2191 783 2254 Alia
794 2214 833 2254 ex
844 2191 887 2252 vi·
960 2205 961 2254 l

205 2271 279 2330 cinial
292 2211 382 2331 larbis
410 2267 615 2346 Veliternum,
639 2271 886 2366 Privernatiaque.
912 2343 915 2350 Δ

206 2349 284 2410 Nam
299 2350 379 2433 quod
397 2348 501 2492 Siffiniae
519 2351 656 2425 nascitur,
670 2351 834 2414 austeritate
843 2373 885 2412 nt·
960 2365 961 2418 l

205 2431 264 2490 mil
283 2433 419 2492 continen
440 2453 464 2492 ae
484 2432 555 2494 utile
574 2433 656 2506 alvo,
669 2435 744 2494 inter
755 2433 883 2494 medica·
960 2429 961 2510 l

206 2531 285 2574 ttuna
304 2530 477 2574 numeratur.
960 2529 961 2554 ³

245 2589 391 2670 Quartum
400 2593 571 2653 curriculum
588 2591 705 2674 publicis
733 2593 826 2675 epulis
837 2587 885 2651 ob-
960 2605 961 2638 t

206 2671 317 2732 tinuere
333 2695 350 2732 a
366 2673 438 2733 divo
458 2673 533 2734 Julio
552 2671 600 2754 (is
615 2676 692 2734 enim
709 2676 818 2753 primus
834 2691 884 2732 att·
960 2689 961 2736 ὲ

206 2749 365 2816 lloritatem
385 2754 429 2817 his
448 2753 565 2828 tribuit,
577 2769 609 2817 ut
629 2755 659 2816 in
680 2753 808 2837 epistolis
822 2749 883 2833 eju
960 2759 961 2782 l
