1932 3588
175 292 385 368 'Hirrum
411 293 484 366 Lib.
495 292 611 368 XVII.
663 311 736 390 327

60 433 99 482 tes
107 414 497 501 prevaluiffe,emoriuntur.
506 412 645 476 Nonnum
688 433 737 476 am

60 499 210 562 inarescunt
230 495 324 570 folia,
351 495 511 577 eademque
543 497 643 560 revive
657 510 736 556 cunt.

60 579 126 642 Aliae
136 583 165 642 in
173 576 457 662 septemtrionalibus
466 592 516 650 ,ut
522 573 630 650 Ponto,
642 575 736 657 Phry·

60 662 114 742 git,
128 661 235 744 frigore
247 675 297 720 aut
308 659 375 742 gelu
396 658 548 728 laborant,
558 659 582 716 si
635 655 740 717 fibru-

60 763 129 804 mam
149 744 361 804 continuavere
383 756 433 804 xL.
453 739 566 802 diebus.
610 739 679 799 tibi
692 757 739 799 au·

60 839 132 894 tem,
147 825 179 886 δι
196 825 226 883 in
248 822 369 904 reliquis
384 820 538 902 partibus,
561 820 585 880 si
604 819 738 902 protinus

61 903 137 964 editis
157 903 298 969 frufiibus
318 902 424 986 gelatio
453 921 556 983 magna
585 899 739 962 consecuta

62 983 116 1056 est,
133 987 221 1046 etiam
243 987 343 1066 paucis
363 983 465 1044 diebus
486 997 580 1044 necat.

97 1063 171 1144 Quae
190 1063 298 1145 injurii
313 1065 463 1125 hominum
482 1062 628 1134 constant,
640 1061 738 1122 fetum

60 1143 106 1206 'das
115 1145 220 1207 habent
233 1144 343 1207 causas.
356 1145 426 1218 Pix,
439 1146 556 1216 oleum,
570 1144 677 1224 adeps,
687 1143 741 1202 ini·

62 1227 129 1288 mica
167 1227 296 1310 raecipue
314 1226 447 1290 novellis.
466 1222 584 1286 Cortice
594 1227 624 1286 in
635 1223 741 1284 orbem

63 1250 179 1369 detracio
197 1325 357 1383 necantur,
376 1323 500 1386 excepto
519 1304 639 1380 subere,
659 1303 741 1387 quod

64 1389 99 1448 sic
115 1391 199 1450 etiam
218 1387 357 1470 juvatur:
370 1384 538 1449 craffescens
563 1389 640 1447 enim
664 1397 742 1467 prae'·

64 1465 211 1552 stringit&
226 1469 392 1553 strangulat.
415 1468 479 1531 Nec
491 1467 632 1529 adrachne
647 1463 742 1526 offen·

65 1548 153 1628 ditur,
178 1555 282 1614 sinon
300 1551 385 1612 simul
407 1550 548 1612 incidatur
571 1549 604 1611 &
623 1567 742 1629 corpus.

63 1626 176 1714 'Alioqui
194 1634 228 1697 &
250 1629 381 1707 cerasus,
399 1633 432 1695 &
445 1631 523 1706 tilia,
539 1631 574 1692 &
587 1631 655 1691 vitis
676 1648 742 1688 cor·
829 1643 832 1654 ·

64 1711 144 1774 tieem
156 1716 298 1787 mittunt,
312 1711 361 1776 sed
378 1709 438 1774 n'on
451 1712 589 1783 vitalem,
605 1731 660 1772 nec
672 1729 743 1789 pro·

66 1792 165 1855 ximum
183 1797 325 1880 corpori:
342 1795 445 1858 verum
458 1813 546 1864 eum,
582 1793 611 1851 ui
630 1787 744 1851 subnas-

66 1891 140 1936 cente
163 1877 220 1940 alio
245 1875 410 1957 expellitur.
432 1814 634 1954 Quammium
662 1886 745 1931 natu·

66 1952 95 2012 ri
109 1957 224 2021 rimosus
243 1974 405 2031 cortex,ut
414 1956 545 2036 platanis.
556 1951 642 2013 Tiliae
653 1947 746 2011 renas·

67 2036 133 2098 titur
149 2040 235 2122 paulo
259 2039 355 2100 minus
373 2037 461 2120 quim
483 2050 570 2096 totus.
588 2032 666 2114 Ergo
683 2032 743 2101 his,

119 2139 179 2182 rum
196 2121 365 2184 cicatricem
380 2117 486 2192 trahit,
508 2114 662 2176 medentur
681 2112 744 2173 luto

91 2217 199 2283 uroque.
218 2201 259 2264 Et
277 2195 682 2283 aliquandoprofunt‚sinon
694 2213 744 2258 ve

71 2273 225 2345 hementior
245 2281 385 2365 frigorum
403 2299 452 2343 aut
467 2281 596 2342 calorum
609 2279 653 2339 vis
665 2274 745 2338 fecu-

69 2371 96 2416 ta
111 2361 158 2426 est.
179 2363 328 2445 Quaedam
339 2363 446 2424 tardius
465 2365 506 2423 ita
518 2362 697 2433 moriuntur,
711 2373 745 2418 ut

69 2439 168 2504 robora
181 2448 214 2507 &
225 2459 359 2526 quercus.
377 2442 480 2504 Refert
491 2443 649 2519 &tempus
668 2439 758 2523 anni„

68 2518 165 2586 'Abieti
188 2528 267 2588 enim
288 2526 406 2606 &pino
431 2524 455 2582 si
479 2523 542 2602 quis
570 2518 747 2590 detraxerit,

70 2596 134 2664 Sole
149 2603 280 2668 Taurum
289 2607 340 2668 vel
348 2601 492 2666 Geminos
505 2597 666 2660 transeunte
680 2598 747 2656 cium

72 2688 246 2768 genuinam,
256 2686 348 2749 statim
363 2685 545 2746 moriuntur..
553 2678 695 2740 Eamdem
704 2678 747 2736 in·

71 2765 168 2839 uriam
190 2770 286 2831 hieme
309 2765 392 2850 passae
417 2764 524 2826 diutius
543 2761 679 2822 tolerant.
698 2755 747 2830 ¹Si·

70 2845 174 2912 uiliter
192 2851 271 2923 ilex,
291 2850 325 2922 δι
342 2848 446 2924 robur,
465 2845 499 2909 δι
516 2862 648 2930 quercus.
668 2836 748 2921 Qua
