1954 3594
236 285 309 388 384
365 289 822 361 ut’rrnrrulrur.

187 419 189 428 '
235 409 317 472 sinte
336 407 450 470 seminis
482 411 580 470 omnia
606 411 758 549 occupari,
777 397 894 468 internas·

723 485 855 630 praestant
872 491 895 546 iu

235 488 390 572 centesque
408 489 512 566 herbas
531 489 653 550 excludi.
689 490 707 549 d

236 567 338 652 jugera
356 570 453 630 modia
473 572 583 630 vicena.
607 567 721 631 Moven
744 567 897 630 umneadu·
943 567 944 576 ’

235 668 333 725 ratur,
352 651 484 732 terraique
504 653 633 730 protinus
652 653 744 734 integi
762 649 853 710 deber.
874 645 898 707 Si

219 734 275 792 ‘sit
292 731 441 792 humidum
451 729 543 790 solum
552 730 747 793 lrerbosumve
757 730 899 805 ,vincinu,

238 812 272 874 &
289 811 417 874 desciscit
431 813 462 872 in
482 828 606 892 pratum.
629 810 701 873 Ideo
724 812 849 894 protinus
867 807 899 867 al·
945 817 946 894 l

238 893 360 954 titudine
376 891 478 954 unciali
500 891 594 952 herbis
621 892 758 953 omnibus
776 889 900 952 liberanda
945 905 946 926 ³

239 970 298 1046 est,
321 993 407 1034 manu
427 973 542 1054 potius,
561 971 647 1054 quim
669 971 790 1034 sarculo.
800 969 899 1032 Secatur

238 1055 379 1132 incipiens
397 1053 522 1126 florere,
541 1054 573 1114 δι
595 1055 709 1135 quoties
728 1052 860 1114 refloruit.
873 1046 900 1109 ld
946 1010 947 1098 l

237 1133 328 1194 sexies
347 1136 447 1196 evenit
465 1154 517 1214 per
537 1136 730 1208 annos,ci1m
751 1134 899 1201 minimlrm,

261 1232 349 1276 uater.
368 1213 401 1274 ln
424 1213 522 1275 semen
546 1213 738 1276 maturescere
765 1211 900 1296 prohiben·
947 1260 948 1288 p

238 1235 277 1358 da
296 1294 358 1372 est,
375 1297 443 1378 quia
459 1295 596 1377 pabulum
615 1297 712 1356 utilius
730 1294 774 1358 est
787 1287 900 1376 usquead

240 1378 407 1451 trimatum,
422 1379 521 1436 marris
537 1374 574 1438 ad
592 1373 683 1438 solum
701 1377 777 1439 radi.
797 1373 837 1436 lta
850 1369 899 1432 reli·

239 1477 305 1542 quae
326 1457 424 1518 herbae
439 1459 583 1517 intereunt
602 1459 663 1517 sine
687 1459 779 1538 ipsius
797 1456 899 1524 damno,

262 1560 295 1599 ro
318 1554 363 1598 ter
377 1537 557 1598 altitudinem
577 1538 716 1600 radicum.
736 1537 770 1598 Si
785 1534 898 1598 evicerint

240 1560 359 1691 leriae,
379 1617 540 1678 remedium
558 1620 675 1678 unicum
695 1617 737 1680 est
755 1611 899 1686 aratio,s·
949 1590 950 1682 l

242 1702 307 1782 pius
327 1699 491 1772 vertendo,
508 1699 602 1760 donec
624 1719 727 1761 omnes
757 1699 818 1760 aliae
843 1692 900 1754 radi·

244 1801 293 1840 ces
314 1781 464 1840 intereant.
486 1777 558 1840 Dari
572 1801 632 1840 non
647 1780 684 1841 ad
703 1779 852 1842 satietatem
862 1773 899 1834 de·
950 1782 951 1868 l

242 1859 315 1933 bet,
338 1881 374 1920 ne
396 1859 514 1942 deplere
540 1859 705 1943 sanguinem
728 1857 839 1922 necesse
864 1855 900 1914 rit.
950 1875 951 1878 ¹

242 1941 280 2002 Et
301 1941 401 2004 viridis
418 1941 514 2003 utilior
531 1939 580 2002 est.
591 1938 899 2024 Arescitsurculosdmc

265 2021 390 2084 ostremb
401 2023 430 2082 in
440 2023 593 2105 pulverem
601 2023 733 2084 inutilem
742 2033 900 2083 extenuatur.

242 2045 293 2163 ik
312 2124 327 2161 c
353 2101 424 2175 riso,
445 2105 492 2163 cui
513 2105 617 2184 &ipsi
638 2105 814 2186 principatus
836 2099 901 2159 detur

241 2183 273 2241 in
290 2123 421 2264 pedulis,
442 2182 559 2244 adfatim
576 2182 698 2245 diximus
710 2188 785 2245 inter
794 2182 900 2244 frutices.

242 2263 280 2322 Et
295 2282 370 2320 nunc
388 2261 503 2342 frugum
520 2265 653 2325 omnium
670 2284 771 2326 natura
785 2275 901 2348 peragen-

244 2343 282 2402 da
292 2339 350 2402 est:
372 2339 451 2423 cujus
472 2343 501 2402 in
517 2359 599 2425 parte
616 2345 655 2408 de
674 2347 785 2408 morbis
803 2353 899 2426 quoque

243 2423 365 2486 dicatur.

286 2501 394 2569 XLIV.
420 2522 466 2584 17.
487 2503 614 2572 Primum
635 2505 767 2568 omnium
786 2495 901 2568 frumenti

243 2587 349 2648 vitium
368 2605 461 2646 avena
480 2585 540 2647 esl:
557 2588 589 2648 δι
606 2587 752 2650 hordeum
761 2589 790 2649 in
798 2606 856 2650 eam
866 2579 902 2641 de·

244 2681 377 2748 generat:
392 2669 462 2727 sicut
472 2666 529 2749 ipsa
538 2666 673 2730 frumenti
684 2669 717 2730 lit
727 2669 823 2730 instar:
836 2663 902 2748 quip·

243 2767 284 2827 pe
299 2747 367 2806 cum
380 2745 544 2808 Germaniae
560 2749 662 2831 populi
672 2749 766 2811 serant
778 2769 852 2820 eam,
862 2759 901 2802 sse·

243 2845 303 2909 que
325 2826 379 2890 alia
395 2830 475 2910 pulte
493 2831 603 2894 vivant.
622 2827 683 2892 Soli
702 2831 824 2894 maxime
840 2822 901 2888 caeli·

855 2917 898 2986 qlle
